3014 4844
591 372 709 425 ῬΣΤΕ
719 371 811 422 ΡΩΝ
834 374 863 423 A.
1237 370 1278 433 88

247 519 321 594 Ἔτι
344 517 384 592 τό
416 521 475 613 μέν
500 516 624 592 ου’σίαν
656 519 859 611 σμαίνοντα
889 511 972 610 ὅπερ
1006 518 1109 593 έκεῖνο
1141 516 1166 617 ἢ
1192 517 1274 616 ὅπερ

181 623 283 700 ἐκεῖνό
308 649 339 694 τι
363 623 527 719 σημαίνει,
552 617 633 693 καθ’
726 627 970 717 κατηγορεῖται·
996 615 1061 692 ὅσα
1086 624 1121 695 δὲ
1146 619 1193 720 μὴ
1210 621 1313 697 οό-κι

180 730 254 799 σίαν
298 726 466 821 σημαίνει,
509 719 593 793 ἄλλό
627 719 698 793 κατ’
738 718 847 795 ἄλλον
879 718 1106 812 ὑποκειμένου
1138 725 1273 818 λέγεται,

181 823 271 921 δμή
297 826 365 896 έστι
389 825 468 923 μήτε
494 819 575 916 ὅπερ
601 824 705 895 έκεῖνο
730 822 812 919 μήτε
836 818 918 915 ὅπερ
944 821 1050 895 ἐκεῖνό
1075 850 1123 910 τι,
1150 832 1273 919 συμβε-

179 925 313 1026 βηκότα,
340 922 413 998 οίον
437 921 521 997 κατὰ
535 930 599 996 τοῦ
615 922 804 1017 όνθριόπου
822 921 861 996 τό
876 922 1008 996 λευκόν.
1043 923 1089 997 αιί
1107 924 1171 1018 γάρ
1184 928 1274 999 ἐστιν

182 1021 391 1122 ὁᾶνθρωπος
402 1025 479 1101 οὔτε
487 1023 569 1120 ὅπερ
577 1024 701 1099 λευκόν
710 1024 788 1099 οὔτε
799 1021 882 1119 ὅπερ
891 1024 1062 1098 λευκόντι.
1090 1023 1275 1128 όλλόζηῖον

180 1136 274 1219 ἴσως·
301 1126 382 1222 ὅπερ
407 1126 470 1223 γὰρ
493 1129 582 1228 ζῷόν
598 1129 686 1200 ἐστιν
700 1125 719 1200 ὁ
735 1126 924 1218 ἄνθρωπος.
959 1123 1026 1199 ὅσα
1042 1129 1077 1200 δέ
1092 1125 1138 1226 μή
1151 1128 1273 1203 οὐσίαν
1285 1158 1312 1202 εν

180 1232 345 1330 σημαίνει,
377 1235 429 1302 δεῖ
451 1229 534 1301 κατό
554 1257 643 1318 τινος
665 1228 889 1321 ὑποκειμένοιν
908 1238 1182 1325 κατηγορεῖσθαι,
1215 1235 1273 1304 καί

179 1331 223 1430 μὴ
247 1327 332 1405 είναί
354 1359 385 1402 τι
408 1331 541 1420 λευκόν,
567 1328 590 1404 δ
615 1328 681 1426 οὐχ
705 1330 816 1426 ἕτερόν
839 1358 870 1403 τι
895 1327 935 1404 όν
952 1330 1076 1404 λευκόν
1092 1334 1188 1404 ἐστιν.
1230 1331 1272 1405 τό

180 1433 240 1533 γδρ
265 1437 336 1528 εἴδη
362 1435 515 1527 χαιρέτω·
545 1433 754 1527 τερετίσματό
778 1461 812 1506 τε
836 1431 899 1529 γόρ
925 1434 1010 1520 ἐστι,
1042 1436 1099 1505 καί
1123 1436 1153 1506 εί
1174 1435 1271 1528 ἔστιν,

181 1536 280 1610 οὐδὲν
295 1532 380 1625 πρός
393 1532 454 1608 τόν
466 1534 568 1630 λόγον
582 1537 685 1609 ἐστίν·
712 1537 748 1608 αλ
761 1532 824 1629 γδρ
838 1533 1019 1624 ἀποδείξεις
1032 1538 1108 1628 περί
1120 1543 1187 1609 τῶν
1200 1564 1271 1611 τοι-

180 1638 286 1711 ούτων
304 1639 396 1708 εἰσίν.
1281 1667 1310 1712 ιι

242 1735 318 1808 Ἔτι
332 1740 361 1809 εί
374 1737 420 1834 μή
431 1739 497 1809 ἐστι
509 1743 612 1810 τοῦτο
627 1739 725 1810 τουδί
736 1734 875 1832 ποιότης
889 1733 1022 1808 κάκεῖνο
1031 1736 1170 1824 τούτου,
1187 1740 1271 1835 μηδὲ

181 1839 352 1937 ποιότητος
382 1839 538 1936 ποιότης,
575 1837 742 1912 ἀδύνατον
765 1835 1095 1933 όντικατηγορεῖσθαι
1119 1836 1273 1936 ἀλλήλοιν

181 1938 292 2030 οὕτως.
336 1939 407 2013 ἄλλ’
428 1936 556 2038 α’ληθές
568 1943 630 2033 μέν
651 1941 811 2034 ἐνδέχεται
828 1942 947 2027 εἰπεῖν,
974 1937 1273 2039 όντικατηγορησαι

180 2040 208 2114 δ’
222 2041 357 2140 α’ληθοῖς
378 2039 445 2116 οὐκ
460 2043 629 2135 ἐνδέχεται.
665 2038 688 2140 ἢ
702 2043 764 2136 γάρ
778 2069 830 2113 τοι
854 2038 901 2130 οἱς
916 2039 1019 2113 οὐσία
1034 2043 1271 2142 κατηγορηθή-

180 2160 276 2232 σεται,
291 2141 364 2217 οἷον
377 2141 400 2238 ἢ
414 2146 509 2240 γένος
521 2141 594 2241 δνῆ
607 2140 756 2237 διαφορὰ
765 2149 830 2215 τοῦ
838 2143 1139 2238 κατηγορουμένου.
1165 2150 1302 2218 ταῦταο

180 2247 214 2317 δὲ
228 2249 386 2319 δέδεικται
400 2244 451 2318 ὅτι
467 2244 533 2319 οόκ
551 2247 640 2318 ἔσται
655 2243 792 2336 ἄπειρα,
818 2242 890 2317 οὔτ’
905 2246 959 2317 έπλ
973 2241 1013 2317 τό
1030 2245 1118 2318 κάτω
1134 2244 1206 2319 οὔτ’
1219 2248 1272 2320 ἐπί

179 2343 216 2418 τδ
231 2345 308 2419 ἅνω.
336 2344 409 2420 οἷον
423 2346 603 2437 ἄνθρωπος
619 2350 751 2435 δίπουν,
766 2352 869 2419 τοῦτο
883 2352 979 2447 ζῷον,
993 2352 1096 2419 τοῦτο
1106 2344 1136 2419 δ’
1143 2349 1270 2440 ἕτερον·

180 2445 258 2521 οὐδὲ
273 2446 311 2521 τό
327 2454 415 2550 ζηῖον
427 2448 499 2522 κατ’
510 2447 707 2542 ἇνθροίπου,
719 2453 823 2521 τοῦτο
838 2451 874 2519 δέ
888 2444 971 2519 κατὰ
989 2450 1154 2534 Καλλίου,
1169 2455 1271 2523 τοῦτο

181 2550 215 2621 δέ
236 2548 306 2622 κατ’
327 2549 435 2624 ἄλλον
457 2553 492 2624 έν
507 2558 554 2652 τηῖ
574 2554 607 2623 τί
628 2552 722 2624 ἐστιν.
764 2547 825 2646 την
840 2550 900 2641 μὲν
920 2546 983 2645 γόρ
999 2547 1121 2622 οὐσίαν
1138 2546 1296 2624 ἅπασανι

181 2651 263 2726 ἔστιν
277 2650 459 2746 ὁρίσασθαι
473 2650 535 2750 τὴν
549 2652 723 2749 τοιαύτην,
749 2650 789 2723 τό
806 2649 836 2723 δ’
852 2648 972 2742 ἄπειρα
987 2648 1054 2724 οὐκ
1070 2649 1216 2739 έστιδιεξ
1250 2695 1270 2709 -

180 2758 252 2827 θεῖν
264 2760 420 2827 νοοῦντα.
447 2752 524 2827 ὥστ’
538 2753 609 2827 οὔτ’
625 2756 678 2827 έπί
692 2750 731 2825 τό
742 2749 811 2826 ἄνω
826 2750 898 2825 οὔτ’
913 2754 965 2824 ἐπὶ
979 2749 1019 2824 τό
1028 2751 1118 2824 κότω
1133 2752 1268 2846 ἄπειρα·

181 2853 301 2954 ἐκείνην
319 2853 383 2951 γὰρ
399 2855 467 2930 οὐκ
480 2859 566 2930 ἔστιν
582 2854 775 2949 ὁρίσασθαι,
792 2845 833 2952 ἧς
847 2851 887 2927 τό
903 2851 1023 2947 ἄπειρα
1035 2864 1269 2950 κατηγορεῖται.

181 2952 302 3051 ὦςμέν
321 2955 364 3054 δι)
387 2960 464 3055 γένη
485 2957 639 3056 ἀλλήλοιν
660 2955 726 3030 οὐκ
749 2953 1144 3053 ἄντικατηγορηθήσεται·
1181 2957 1271 3029 ἔσται

180 3052 240 3151 γόρ
258 3055 341 3133 αὐτό
356 3056 436 3151 ὅπερ
452 3059 591 3134 αὕτότι.
630 3057 710 3133 οὐδὲ
734 3056 801 3155 μὴν
820 3063 884 3129 τοῦ
905 3063 1011 3130 ποιοῦ
1032 3053 1058 3155 ἦ
1079 3065 1145 3130 τοῖν
1161 3055 1311 3131 ἄλλωνιο

181 3156 296 3249 οὐδέν,
329 3157 371 3233 όν
395 3159 441 3260 μὴ
466 3159 550 3234 κατὰ
575 3157 787 3257 συμβεβηκός
811 3166 1041 3256 κατηγορηθῇ·
1075 3158 1183 3232 πάντα
1206 3157 1271 3255 γὰρ

181 3267 282 3334 ταῦτα
305 3265 490 3362 συμβέβηκε
503 3265 560 3336 καλ
576 3261 661 3335 κατὰ
681 3269 746 3335 τοῖν
764 3259 894 3334 ου’σιοῖν
907 3269 1142 3358 κατηγορεῖται.
1185 3258 1271 3334 α’λλδ

183 3357 223 3456 δη
240 3360 289 3436 ὅτι
303 3363 379 3437 οὐδ’
392 3369 439 3456 είς
452 3364 491 3439 τό
507 3364 577 3439 ἄνοι
587 3362 706 3457 ἄπειρα
722 3365 828 3436 ἔσται·
846 3361 989 3435 ἑκάστου
1001 3359 1063 3457 γὰρ
1078 3371 1270 3458 κατηγορεῖ-

181 3486 231 3534 ται
252 3462 272 3538 δ
292 3462 334 3537 όίν
353 3470 499 3565 σημαίνη
520 3464 544 3568 ἢ
560 3465 663 3540 ποιόν
685 3495 716 3538 τι
733 3461 756 3564 ἢ
772 3463 881 3538 ποσόν
899 3492 930 3536 τι
945 3461 1016 3562 ἥτι
1028 3469 1094 3537 τοῖν
1110 3462 1271 3537 τοιούτοιν

183 3558 307 3660 ἢτδέν
330 3575 372 3663 τῇ
392 3568 509 3671 οὐσίμ·
542 3574 648 3643 ταῦτα
666 3570 702 3641 δέ
723 3567 937 3662 πεπέρανται,
967 3568 1025 3638 καί
1047 3564 1087 3638 τό
1104 3567 1184 3663 γένη
1201 3572 1309 3639 τοῖνιι

184 3737 378 3754 Ἢ

247 3825 280 3875 95
297 3827 440 3892 σημαίνειν
457 3843 483 3886 τι,
502 3844 533 3894 pr
551 3828 583 3877 A.
601 3853 635 3866 —
652 3828 686 3880 26
705 3836 732 3877 et
750 3826 779 3878 31
802 3823 922 3892 σημαίνῃ
941 3824 974 3890 d,
992 3841 1024 3891 pr
1042 3825 1072 3875 A.
1090 3850 1124 3863 -
1150 3824 1184 3875 27
1201 3821 1271 3901 μήτε

182 3882 248 3958 ὅπερ
265 3889 352 3948 έκεῖνο
370 3913 412 3946 om
433 3895 501 3947 ndu.
518 3891 756 3964 -συμβεβηκότι
776 3894 812 3944 Μ.
832 3920 865 3933 -
884 3894 917 3944 ³2
936 3885 954 3946 δ
971 3909 1014 3943 om
1033 3892 1070 3943 Μ.
1090 3919 1121 3930 -
1140 3893 1173 3944 33
1187 3909 1217 3946 τε
1227 3892 1271 3943 del

183 3959 229 4010 Au·
248 3989 277 4000 -
302 3963 355 4017 εἰσι
371 3973 433 4032 post
449 3959 484 4029 γδ
521 3980 582 4013 corr
598 3982 624 4015 υ.
650 3992 681 4002 -
707 3963 741 4017 34
759 3958 848 4016 ου’θέν
868 3963 901 4012 D·
917 3989 953 4002 -
981 3962 1015 4013 36
1033 3960 1099 4013 τόδε
1118 3961 1218 4028 Dan.
1237 3990 1270 4000 -

182 4027 261 4081 τοῦδε
280 4031 353 4101 Μιιμ.
372 4061 406 4073 -
423 4032 456 4084 38
473 3981 562 4084 είπεῖτ
580 4029 718 4098 ένδέγεται
735 4048 780 4100 κγ,
801 4060 830 4071 -
852 4028 1135 4099 νὶντικατηγορεῑσθαι
1151 4046 1198 4097 ιη).

246 4095 312 4151 Bab!
333 4100 372 4151 alt
389 4096 407 4168 ἢ
426 4118 467 4150 om
488 4101 525 4152 Μ.
550 4128 584 4141 -
607 4099 674 4154 ἳδέ
693 4117 734 4151 om
752 4100 795 4151 ιίιι.
813 4128 849 4141 -
874 4096 948 4152 ἔστιν
967 4099 1000 4149 1).
1018 4126 1052 4137 ·-
1076 4091 1176 4151 4οῧτε
1192 4114 1218 4147 τι.
1236 4122 1270 4136 -

181 4162 305 4219 baim
323 4171 354 4220 A,
372 4196 407 4209 -
423 4170 440 4221 7
457 4163 521 4220 ὥστ’
539 4186 567 4219 rc
584 4187 610 4221 ιι.
629 4197 664 4210 -
680 4169 698 4220 8
715 4166 791 4221 ἔσται
809 4169 918 4233 Dfn·—
934 4167 950 4218 9
966 4160 1226 4235 ἆνιηγορηθησεται
1238 4166 1269 4215 A.

181 4233 396 4290 -11οόθέν1λ
408 4266 440 4277 -
460 4233 671 4305 Ιδδῆλονότιιι,
690 4237 733 4291 δεῖ
750 4236 775 4289 δ.
788 4264 821 4278 ·-
839 4233 916 4289 lma
935 4228 950 4289 ὁ
969 4232 1088 4289 έαιίστον
1102 4237 1172 4302 Ι.-
1191 4233 1271 4286 λίεῐι

180 4317 210 4354 τι
224 4319 266 4352 om
286 4306 317 4356 D.
339 4332 374 4346 -
390 4317 444 4358 tert
460 4325 488 4360 τι
506 4324 549 4359 om
568 4300 1091 4377 ΑΒιδῘιιμυ.-15κατόγένηρτιι.

213 4392 246 4445 n.
1048 4395 1067 4448 δ
