3014 4844
236 375 277 436 aa
629 371 928 425 ικιινττιταιν

236 528 286 622 τῷ
313 516 376 614 χάρ
402 517 493 608 έντδς
520 513 742 614 ἐμβάλλεσθαι
769 517 869 614 ὅρον,
911 516 982 591 ἄλλ’
1010 516 1056 591 οὑ
1084 527 1132 619 τῷ
1149 524 1325 613 προσλαμ-

236 622 398 718 βάνεσθαι
413 619 648 695 άποδείκνυται
660 620 700 695 τδ
717 619 1013 715 άποδεικνιίμενον.
1046 618 1124 692 ὥστ’
1139 623 1168 692 εί
1178 619 1268 693 τοῦτ’
1280 624 1326 712 εἰς

237 721 373 818 ἄπειρον
393 723 552 818 ἐνδέχεται
571 726 671 813 ἰέναι,
704 722 854 818 ἐνδέχοιτ’
873 720 914 797 άν
934 723 1000 796 δύο
1023 718 1111 816 ὅρων
1133 720 1252 818 άπειρα
1269 751 1326 816 με-

237 822 320 911 ταξὺ
336 820 417 897 εἶναι
435 827 527 918 μέσα.
570 825 655 898 α’λλά
676 826 767 900 τοῦτ’
782 825 968 914 α’δὺνατον,
1000 826 1028 896 εἰ
1053 828 1199 896 ἵστανται
1221 826 1255 896 αλ
1266 851 1327 896 κα-

206 927 387 1023 ντηχορίαι
413 927 464 1000 ἐπὶ
488 925 526 1000 τδ
551 926 621 1001 άνω
647 931 704 1000 καὶ
722 927 762 1002 τδ
775 927 878 1021 κάτω.
915 924 966 1000 ὅτι
987 928 1023 999 δέ
1045 930 1203 1015 ἵστανται,
1224 927 1327 999 δέδει-

238 1058 312 1102 κται
327 1035 469 1124 λογικῶς
484 1032 543 1123 μέν
557 1031 735 1123 πρότερον,
762 1029 968 1118 ἀναλυτικοῖς
981 1030 1017 1101 δέ
1031 1037 1102 1102 νῦν.

176 1130 226 1199 23
315 1134 538 1226 Λεδειχμένων
562 1135 598 1204 δέ
622 1133 751 1205 τούτων
776 1131 925 1228 φανερὸν
950 1128 1020 1219 ὅτι,
1045 1131 1101 1203 ἐάν
1125 1157 1156 1201 τι
1180 1126 1219 1201 τδ
1244 1125 1328 1202 αὑτδ

239 1234 338 1305 δυσὶν
362 1230 513 1328 ὑπάρχῃ,
539 1230 612 1307 οἷον
635 1232 675 1306 τά
698 1242 727 1306 A
751 1240 799 1335 τῷ
822 1261 855 1306 τε
881 1239 917 1304 Γ
935 1235 1063 1333 καὶτῷ
1088 1241 1131 1321 Δ,
1155 1229 1202 1328 μὴ
1226 1258 1328 1328 κατρ-

213 1335 449 1430 σχορουμένου
469 1337 617 1428 θατέρου
637 1334 720 1407 κατά
737 1337 910 1428 θατέρου,
935 1331 959 1430 ἢ
977 1341 1136 1431 μηδαμῶς
1150 1329 1172 1430 ἢ
1186 1329 1232 1430 μὴ
1244 1329 1328 1404 κατά

239 1434 373 1526 παντός,
400 1432 450 1507 ὅτι
476 1434 543 1508 οὑκ
568 1435 619 1509 άελ
643 1434 725 1509 κατά
745 1437 861 1510 κοινόν
877 1465 908 1509 τι
924 1434 1073 1529 ὑπάρξει.
1108 1432 1241 1536 οίοντῴ
1257 1436 1329 1506 ίσο-

239 1543 349 1609 σκελεῐ
370 1540 426 1608 καλ
450 1543 499 1637 τῷ
523 1544 681 1638 σκαληνῷ
705 1536 744 1610 τδ
771 1540 870 1611 δυσὶν
895 1537 1017 1631 ὀρθαῖς
1042 1541 1116 1626 ἴσας
1139 1538 1222 1631 ἔχειν
1247 1531 1330 1607 κατά

238 1637 354 1711 κοινόν
383 1665 414 1710 τι
437 1636 594 1733 ὑπάρχει·
628 1629 651 1733 ᾗ
683 1636 745 1732 γάρ
778 1638 889 1737 σχῆμά
913 1667 961 1726 τι,
993 1637 1148 1733 ὑπάρχει,
1185 1638 1243 1709 καλ
1267 1633 1330 1731 οὑχ

239 1730 262 1835 ᾖ
283 1741 401 1835 ἕτερον.
435 1747 537 1812 τοῦτο
560 1740 590 1813 δ’
607 1738 673 1814 οὑκ
690 1740 740 1814 αἐλ
755 1739 862 1831 οὑτως
880 1742 951 1835 ἔχει.
985 1742 1065 1813 ἔστω
1079 1737 1140 1835 γάρ
1155 1736 1195 1811 τὺ
1211 1736 1331 1812 Bata-M

202 1839 261 1914 ινδ
286 1839 325 1913 τδ
350 1848 379 1913 A
403 1846 451 1942 τῷ
479 1848 540 1915 ΓΛ
564 1841 713 1937 ὑπάρχει.
747 1848 854 1940 δῆλον
877 1846 991 1915 τοίνυν
1015 1839 1065 1915 ὅτι
1088 1844 1145 1914 καὶ
1169 1838 1208 1913 τὸ
1232 1846 1262 1912 Β
1282 1845 1330 1912 τοί

242 1947 345 2016 Γκαλ
361 1952 392 2014 Λ
417 1943 486 2014 κατ’
512 1942 594 2018 ἄλλο
618 1946 742 2031 κοινάν,
767 1943 900 2018 κάκείνο
924 1941 1003 2016 καθ’
1020 1945 1138 2032 ἕτερον,
1165 1940 1285 2015 ίίστεδ
1311 1968 1331 2015 ο

241 2042 330 2138 ὅροιν
353 2043 475 2137 μεταξὺ
502 2044 631 2142 άπειροι
656 2044 698 2118 άν
723 2048 908 2141 ἐμπίπτοιεν
934 2043 1019 2138 ὅροι.
1061 2053 1123 2118 αλλ
1155 2050 1330 2117 αδυνατον.

241 2143 325 2218 κατά
359 2148 417 2239 μέν
449 2148 565 2221 τοίνυν
595 2149 713 2222 κοινόν
738 2177 768 2220 τι
793 2146 953 2242 ὑπάρχειν
977 2145 1042 2220 οὑκ
1067 2146 1194 2244 άνάχκη
1219 2144 1270 2218 άελ
1294 2142 1332 2220 τδ

241 2244 328 2321 αὑτὺ
353 2249 518 2338 πλείοσιν,
545 2251 673 2343 ἐπείπερ
700 2251 789 2322 ἔσται
812 2248 917 2343 ὑμεσα
941 2247 1154 2346 διαστήματα.
1195 2248 1229 2320 έν
1253 2248 1293 2340 μέ
1313 2291 1331 2304 -

202 2376 292 2424 ιετοι
316 2356 363 2450 τῷ
383 2347 476 2453 αὐτῷ
500 2352 585 2448 μένει
608 2354 664 2423 καὶ
689 2353 731 2423 ἐκ
752 2357 820 2424 τοῖν
836 2349 948 2424 αὑτῶν
964 2349 1093 2444 άτόμων
1110 2349 1239 2447 α’νάχκιχ
1253 2346 1333 2438 τοὺς

242 2447 345 2544 ὄρους
362 2447 462 2538 εἶναι,
486 2457 576 2542 εἴπερ
590 2459 656 2525 τῶν
675 2451 754 2525 καθ’
769 2451 854 2527 αὑτδ
871 2451 1091 2546 ὑπαρχόντων
1106 2454 1195 2525 ἔσται
1205 2451 1244 2525 τδ
1259 2479 1330 2523 κοι-

241 2552 317 2626 νόν·
344 2550 391 2624 ου’
412 2550 475 2648 γάρ
494 2543 539 2652 ἦν
561 2551 596 2640 ἐξ
614 2551 720 2627 ἄλλον
739 2556 857 2650 μένους
877 2557 924 2644 είς
944 2553 1027 2627 ἄλλο
1041 2560 1196 2653 διαβῆναι
1210 2551 1250 2626 τά
1264 2557 1332 2626 δει*

241 2653 397 2749 κνὺμενα.

322 2755 473 2847 Φανερδν
504 2758 539 2828 δέ
568 2757 628 2826 Ικαὶ
658 2751 724 2843 ὅτι,
755 2752 835 2829 ὅταν
865 2753 905 2828 τδ
931 2763 959 2829 Α
989 2763 1039 2856 τῷ
1064 2762 1093 2828 Β
1116 2753 1268 2850 ὑπάρχῃ,
1306 2754 1335 2826 εί

204 2887 232 2930 εο
243 2859 303 2951 μέν
325 2858 392 2929 ἔστι
412 2885 443 2927 τι
457 2857 578 2950 μέσον,
604 2858 671 2929 ἔστι
686 2855 786 2943 δεῖξαι
809 2854 861 2931 ὅτι
875 2854 915 2930 τδ
929 2865 958 2931 Α
974 2866 1022 2930 τῶ
1039 2864 1068 2930 Β
1086 2856 1236 2950 ὑπάρχει.
1276 2856 1334 2927 καί

244 2968 386 3052 στοιχεῖα
401 2959 528 3032 τούτου
548 2960 616 3030 ἐστὶ
634 2965 740 3031 ταῦτα
755 2962 811 3030 καλ
831 2957 974 3032 τοσαῦθ’
990 2930 1055 3032 δσα
1070 2961 1155 3052 μέσα
1170 2960 1274 3031 ἐστίν·
1301 2957 1335 3028 αἱ

243 3057 309 3155 γάρ
335 3058 452 3153 άμεσοι
476 3059 652 3155 προτάσεις
677 3070 828 3154 στοιχεῖα,
854 3058 1002 3159 ἦπᾶσαι
1017 3059 1043 3159 ἢ
1060 3064 1094 3133 αἱ
1108 3059 1273 3133 καθόλου.
1307 3060 1335 3131 εί

244 3164 280 3234 δέ
303 3162 349 3258 μή
373 3163 474 3248 ἐστιν,
500 3160 613 3234 ου’κέτι
635 3163 720 3234 ἔστιν
741 3159 924 3250 άπδδειξις,
950 3161 1062 3259 άλλὴ
1085 3164 1137 3236 ἐπὶ
1150 3160 1219 3249 τάς
1232 3158 1335 3255 άρχάς

246 3259 327 3351 ὑδδς
350 3260 437 3361 αὑτιχ
460 3264 554 3336 ἐστίν.
595 3262 717 3355 ὁμοίως
732 3267 768 3336 δέ
792 3267 847 3335 καὶ
862 3265 892 3337 εἰ
911 3262 951 3336 τδ
967 3272 994 3335 A
1009 3270 1100 3366 τῷΒ
1120 3261 1167 3360 μὴ
1180 3262 1335 3355 ὑπάρχει,

206 3394 233 3438 ιι
246 3366 275 3436 εί
288 3367 347 3457 μέν
366 3367 452 3438 ἔστιν
464 3361 488 3464 ἢ
502 3368 604 3459 μέσον
619 3362 645 3462 ἦ
660 3364 820 3457 πρότερον
834 3355 863 3465 ᾦ
877 3363 942 3460 οὑχ
959 3363 1118 3460 ὑπάρχει,
1149 3367 1235 3438 ἔστιν
1247 3362 1335 3437 άπά-

245 3463 354 3554 δειξις,
379 3470 408 3539 εί
420 3469 455 3540 δέ
469 3467 525 3565 μή,
548 3464 615 3540 οὑκ
631 3468 728 3554 ἔστιν,
755 3465 826 3539 ἄλλ’
842 3463 938 3564 α’ρχή,
963 3471 1020 3540 καὶ
1037 3476 1180 3562 στοιχεῖα
1197 3463 1335 3540 τοσαῦτ’

248 3654 449 3666 -..-

317 3755 350 3807 36
367 3750 399 3808 τδ
417 3751 470 3826 γάρ
490 3757 529 3809 Μ.
552 3788 585 3798 -
597 3751 646 3840 ,ου’
663 3752 694 3811 τδ
715 3757 741 3819 δ,
764 3759 820 3808 fort
836 3775 869 3825 pr
886 3758 919 3821 B,
938 3751 1011 3812 οὑτω
1030 3759 1069 3811 Μ.
1087 3786 1121 3799 -
1139 3759 1172 3811 87
1190 3753 1337 3811 άποδεδει-

248 3820 349 3892 μμένον
366 3840 409 3932 πμ.
428 3851 462 3910 :-
478 3821 597 3913 tovt'Qt
625 3828 663 3878 Μ.
681 3827 767 3948 Τιὶδπὸ
784 3825 893 3894 δέχεται
912 3845 943 3895 pr
960 3845 987 3891 ιι,
1005 3823 1153 3895 ἐνδέχοιντ’
1170 3827 1196 3882 ά.
1213 3840 1248 3866 -’
1266 3823 1337 3879 ἰέναι

250 3908 311 4044 corf
318 3909 386 4012 ΜΗ
405 3895 808 4018 κάίκέιπρίιττδαὺάτ-α-ξυῖτταάαι
828 3964 865 4016 Μ.
889 3992 924 4002 -
948 3965 965 4017 ⁵
982 3961 1108 4035 θατέρου
1125 3958 1196 4016 κατά
1214 3981 1243 4014 rc
1260 3980 1285 4014 ιι.
1303 3988 1338 4045 7·

251 4026 506 4154 fi’oeflssm-u'o-{uq
522 4024 541 4104 ᾖ
550 4070 557 4084 .
568 4069 576 4086 .
587 4029 719 4104 ὑπάρχει
737 4051 765 4153 rlc
782 4051 825 4100 mg
840 4051 866 4084 π.
876 4061 920 4115 4-
944 4032 1067 4117 σχήματι,
1081 4030 1160 4120 ΒιΜα.
1179 4060 1213 4074 -
1238 4030 1290 4118 οάχ
1304 4028 1338 4137 χ]

250 4115 319 4181 ονχη
349 4136 356 4149 .
489 4119 586 4172 ατερον
604 4120 634 4170 pr
650 4120 676 4154 ιι.
693 4130 727 4144 -
765 4101 833 4155 luni
849 4120 888 4172 τῳ
903 4102 963 4155 δέ).
982 4132 1013 4144 -
1030 4120 1143 4156 κακεινο
1162 4119 1205 4152 om
1223 4119 1255 4168 pr
1264 4101 1297 4151 1).

253 4167 285 4250 ¹².
302 4165 466 4235 οροι...μέν
482 4188 513 4221 το
529 4189 570 4256 agg
586 4187 612 4222 ιι.
628 4200 663 4255 7
681 4171 713 4256 1⁴}
728 4169 800 4237 μέσα
817 4173 914 4256 Βῆἱμτ
930 4189 957 4234 α,
974 4167 1063 4239 άμετα
1081 4166 1117 4224 τά
1136 4172 1227 4234 Dm*
1247 4170 1279 4222 16
1288 4165 1338 4220 αὑ-

250 4236 398 4355 κάν·
409 4238 880 4378 .ῑ.ὲῑ.κ].”“ιιι·;κν.ῑ“
897 4257 923 4294 “·
942 4270 973 4281 -
991 4242 1028 4295 ²⁰
1044 4241 1081 4310 “¹
1100 4236 1133 4294 ²⁶
1154 4240 1188 4292 ¹’·
1208 4268 1238 4279 ·
1256 4238 1291 4289 ²⁹
1308 4233 1338 4288 “²
