3014 4844
615 371 880 432 mumulo.
1267 371 1321 431 vu

179 518 357 615 llgentiam
379 517 560 589 laudantes
585 514 661 586 aliis
683 515 731 586 de
754 516 931 588 voluntate
953 521 1072 586 nostra
1091 514 1317 610 pormadsre·

179 644 272 706 mus,
305 644 326 690 a
356 622 437 692 viris
470 618 675 690 doctissimis
705 640 776 687 non
809 616 1080 687 animadversum
1106 641 1180 688 esso
1213 618 1317 690 raldo

178 722 345 793 dolemus.

281 824 335 893 lle
360 823 449 892 libro
473 819 632 891 universo
656 840 726 889 non
750 819 866 889 habeo
886 817 983 910 quod
997 818 1157 888 adiiciam
1170 820 1212 889 ils
1228 844 1317 913 quae

179 926 216 997 in
238 925 422 995 Prooemio
455 923 561 1015 partis
587 921 710 1014 prioris
737 921 893 1014 exposita
917 929 1012 990 sunt:
1047 943 1127 989 nam
1152 943 1254 1011 qoam
1279 922 1316 990 in

180 1025 386 1118 explicando
416 1025 603 1094 Aristotele
634 1023 801 1092 rationem
828 1023 975 1115 ingressi
1000 1044 1131 1107 sumus,
1171 1023 1317 1092 eandem

180 1127 282 1197 otiam
315 1127 351 1194 in
374 1126 442 1195 hae
466 1137 566 1218 parte
592 1125 855 1193 observavimus.
905 1123 1121 1213 Quamquam
1151 1124 1240 1193 enim
1266 1124 1317 1192 sir

179 1227 416 1312 doctissimus,
440 1228 498 1317 qui
524 1226 569 1296 de
592 1235 709 1295 nostra
734 1248 842 1318 opera
865 1225 914 1292 ita
936 1221 1223 1317 iudicaritssierl.
1237 1225 1317 1295 Lit-

178 1327 382 1422 toran-Ztg.
410 1326 518 1399 1845.
546 1349 602 1397 no.
625 1323 708 1420 49),
734 1338 772 1395 ut
797 1326 919 1394 nostris
944 1326 1071 1395 viribus
1097 1325 1207 1419 magis
1230 1348 1317 1394 eon·

179 1430 288 1500 fidere
313 1431 471 1498 uideatur
495 1451 597 1518 quam
622 1430 689 1521 ipsi
715 1428 824 1513 nobis,
845 1426 1047 1495 brevitatem
1064 1449 1133 1515 qua
1149 1428 1200 1494 nsi
1213 1428 1317 1498 simus

179 1529 501 1624 reprehendendam
526 1531 680 1621 putarit,
709 1536 826 1597 tamen
852 1528 1127 1619 explanationem
1149 1529 1317 1618 prolixio-

180 1654 252 1701 rem
276 1632 390 1700 facere
415 1653 484 1699 non
509 1630 581 1699 ausi
608 1651 739 1698 sumus:
772 1649 938 1716 namque,
964 1650 1068 1716 quum
1095 1628 1182 1695 nihil
1206 1629 1317 1698 admi·

179 1733 320 1801 serimus
346 1731 440 1819 quod
464 1732 513 1798 ita
538 1730 669 1797 dietum
695 1737 793 1812 esset,
819 1737 858 1796 ut
882 1726 1039 1796 breviore
1065 1749 1175 1818 eoquo
1191 1728 1318 1797 obscu-

179 1831 270 1900 riore
295 1852 450 1898 sermone
476 1829 528 1897 usi
554 1828 841 1897 dissimularemus
866 1828 961 1917 quod
985 1850 1055 1896 nou
1080 1831 1160 1898 satis
1186 1830 1317 1900 intelli-

179 1953 349 2025 geremua,
374 1930 474 1999 nobis
500 1940 592 1998 certe
617 1929 719 1998 laoile
736 1937 809 1997 erat
832 1929 1006 2021 copiosius
1032 1951 1205 2022 exponere
1230 1954 1319 2021 quae

179 2033 315 2103 brevius
340 2032 504 2115 diximus,
536 2031 598 2099 sed
623 2031 741 2112 veriti,
774 2052 837 2116 ne,
869 2031 899 2099 si
923 2030 1029 2099 fusius
1055 2032 1317 2123 explanatorum

181 2133 278 2225 quod
302 2133 435 2201 facilius
461 2140 550 2201 esset
572 2131 619 2199 ad
643 2128 926 2225 intelligendum,
952 2132 1019 2223 ipsi
1044 2132 1234 2202 rideremus
1264 2133 1318 2203 le-

180 2247 301 2328 gentes
318 2233 513 2318 admonere,
537 2242 577 2300 ut
598 2232 769 2323 quaedam
793 2255 909 2301 eorum
933 2256 1021 2323 quae
1038 2234 1234 2326 scripsimus
1248 2255 1319 2304 uon

182 2335 274 2410 lecta
299 2334 490 2417 transirent,
516 2355 579 2404 uos
605 2334 837 2415 cohibuimus3
862 2334 993 2405 scilicet
1018 2357 1154 2426 semper
1178 2334 1215 2403 id
1241 2335 1319 2430 egi-

181 2457 260 2505 musy
279 2445 336 2521 ut,
369 2457 439 2526 quo
473 2435 555 2523 quid
581 2435 756 2504 difficilius
781 2445 873 2505 esset
898 2445 934 2503 et
957 2435 1092 2505 brevius
1118 2436 1249 2506 dictum
1273 2438 1319 2506 ab

181 2535 378 2621 Aristotele,
405 2558 448 2607 oo
474 2535 646 2627 copiosius
665 2546 702 2604 et
726 2536 913 2605 accuratius
933 2546 1171 2628 exponeretur,
1195 2560 1320 2627 quam·

183 2659 285 2727 quam
309 2658 380 2706 non
404 2637 463 2721 lta,
488 2646 527 2706 ut
552 2658 613 2705 eos
638 2638 696 2728 qui
713 2638 936 2707 Aristotelem
964 2638 1119 2731 legerant
1144 2639 1237 2706 omui
1263 2638 1318 2708 la-

182 2736 266 2806 bore
279 2738 435 2806 liberare
460 2738 644 2823 vellemus,
679 2738 741 2807 sed
774 2739 823 2806 lta
854 2749 893 2806 ut
923 2748 1086 2828 quantum
1120 2739 1258 2828 quidem
1283 2740 1320 2810 in

184 2839 282 2908 uobis
307 2847 398 2910 esset
420 2838 464 2906 iis
490 2839 787 2931 suppeditaremus
812 2862 901 2930 quae
921 2840 1183 2911 reconditiorem
1209 2862 1320 2931 quan·

185 2939 264 3008 dam
298 2949 334 3009 et
364 2940 527 3009 sermonis
560 2957 596 3009 st
626 2940 802 3010 doetrinae
833 2942 1065 3034 cognitionem
1097 2942 1319 3031 requirerent.

184 3039 249 3110 Est
273 3050 385 3110 autem
411 3041 535 3109 modus
559 3032 697 3130 qnidam
723 3041 890 3111 tenendus
924 3042 961 3109 in
985 3041 1191 3135 exponenda
1215 3065 1321 3136 argu·

185 3242 378 3335 plicationis
392 3242 645 3336 longitudinem
664 3264 719 3312 res
737 3244 779 3311 fit
791 3243 976 3312 obscurior.
1019 3244 1094 3313 Hos
1110 3245 1215 3337 igitur
1232 3244 1320 3314 lines

184 3341 222 3410 in
247 3344 453 3435 explicando
461 3343 654 3414 Aristotele
679 3367 815 3421 serrare
838 3344 1038 3430 studuimus,
1062 3344 1158 3434 quod
1177 3345 1204 3412 si
1222 3345 1320 3415 nobis

184 3435 384 3537 eontigerit,
417 3445 521 3523 etiarn
553 3445 581 3515 si
606 3445 700 3536 quod
724 3446 955 3538 praestitimus
981 3446 1111 3516 minore
1136 3444 1239 3514 laudo
1264 3446 1321 3514 di·

185 3566 292 3638 gnum
316 3547 361 3614 sit
382 3569 484 3637 quam
502 3569 543 3623 ea
568 3564 671 3637 quam
695 3547 732 3616 in
756 3570 818 3616 nos
835 3549 1053 3616 eontulemut
1067 3547 1127 3637 qui
1147 3547 1192 3615 de
1210 3547 1321 3638 prima

185 3643 286 3714 liuius
312 3649 428 3738 operis
458 3657 561 3739 parte
585 3647 699 3716 adhue
723 3649 975 3735 iudicauerunt,
1010 3647 1046 3715 id
1072 3646 1166 3738 qnod
1191 3648 1227 3715 in
1251 3647 1322 3716 hoo

186 3743 532 3837 opere'ooniloiendo
558 3749 704 3818 maxime
729 3751 945 3843 propositum
971 3759 1044 3819 erat
1065 3749 1155 3818 bene
1180 3763 1321 3842 proees-

185 3847 271 3918 aisso
295 3848 393 3919 uobis
418 3848 710 3942 persuadebimus.

253 4044 365 4114 naar,
387 4052 418 4102 ut
433 4047 583 4101 lndlosmus
599 4047 697 4116 quibus
713 4046 783 4102 loeis
799 4062 816 4102 ι
832 4048 949 4102 lectione
966 4063 1048 4117 quam
1066 4045 1204 4100 Belrlrerns
1221 4043 1326 4115 rseaplt

187 4127 348 4183 uenimus
370 4136 399 4186 st
422 4147 492 4201 quas
515 4131 542 4184 in
561 4131 680 4186 lohuliis
696 4148 714 4185 a
730 4130 874 4186 Brundisio
892 4131 1012 4186 sollertis
1028 4130 1198 4185 amandanda
1213 4147 1325 4185 musu-

187 4227 258 4265 nms.
293 4215 332 4268 Aa
347 4216 376 4270 in
389 4216 534 4270 munnio
551 4216 660 4285 quidam
678 4217 739 4286 ipso
756 4217 848 4271 omnia
864 4233 934 4287 quae
950 4216 1117 4271 oorrsximus
1134 4215 1178 4268 lsls
1193 4215 1262 4270 loeis
1278 4232 1324 4270 ro·

187 4295 340 4364 periuntnrs
356 4298 623 4371 *llam-Mam,
638 4299 745 4368 motu,
762 4299 952 4370 illrum,
967 4298 1074 4368 iim,
1088 4297 1198 4370 ttnti,
1214 4297 1324 4362 totu.

187 4377 301 4448 litii,
316 4381 361 4453 2⁰,
376 4382 501 4454 Νη,
516 4383 610 4454 im,
626 4384 736 4457 walt,
753 4384 909 4453 bilem,
