<?xml version="1.0" encoding="UTF-8"?>
<!DOCTYPE html PUBLIC "-//W3C//DTD XHTML 1.0 Transitional//EN"
    "http://www.w3.org/TR/xhtml1/DTD/xhtml1-transitional.dtd">
<html xmlns="http://www.w3.org/1999/xhtml" xml:lang="en" lang="en">
 <head>
  <title>
</title>
<meta http-equiv="Content-Type" content="text/html;charset=utf-8" />
  <meta name='ocr-system' content='tesseract 3.04.00' />
  <meta name='ocr-capabilities' content='ocr_page ocr_carea ocr_par ocr_line ocrx_word'/>
</head>
<body>
  <div class='ocr_page' id='page_1' title='image "aristotelisorga01arisgoog_0045.png"; bbox 0 0 3014 4844; ppageno 0'>
   <div class='ocr_carea' id='block_1_1' title="bbox 261 366 964 426">
    <p class='ocr_par' dir='ltr' id='par_1_1' title="bbox 261 366 964 426">
     <span class='ocr_line' id='line_1_1' title="bbox 261 366 964 426; baseline -0.01 0"><span class='ocrx_word' id='word_1_1' title='bbox 261 366 302 426; x_wconf 78' lang='grc'><strong><em>16</em></strong></span> <span class='ocrx_word' id='word_1_2' title='bbox 666 367 964 421; x_wconf 67' lang='lat' dir='ltr'><strong><em>mmmm</em></strong></span> 
     </span>
    </p>
   </div>
   <div class='ocr_carea' id='block_1_2' title="bbox 175 509 1358 3341">
    <p class='ocr_par' dir='ltr' id='par_1_2' title="bbox 260 509 1357 709">
     <span class='ocr_line' id='line_1_2' title="bbox 261 509 1357 614; baseline 0.001 -29"><span class='ocrx_word' id='word_1_3' title='bbox 261 510 322 601; x_wconf 84' lang='grc' dir='ltr'><strong><em>τάς</em></strong></span> <span class='ocrx_word' id='word_1_4' title='bbox 343 510 390 609; x_wconf 73' lang='grc' dir='ltr'><strong><em>μὴ</em></strong></span> <span class='ocrx_word' id='word_1_5' title='bbox 410 509 529 601; x_wconf 75' lang='grc' dir='ltr'><strong><em>δείξας,</em></strong></span> <span class='ocrx_word' id='word_1_6' title='bbox 553 510 658 603; x_wconf 74' lang='grc' dir='ltr'><strong><em>ταῦτ’,</em></strong></span> <span class='ocrx_word' id='word_1_7' title='bbox 684 509 740 585; x_wconf 79' lang='grc' dir='ltr'><strong><em>ἐάν</em></strong></span> <span class='ocrx_word' id='word_1_8' title='bbox 757 515 818 607; x_wconf 71' lang='grc' dir='ltr'><strong><em>μέν</em></strong></span> <span class='ocrx_word' id='word_1_9' title='bbox 840 518 1011 586; x_wconf 76' lang='grc' dir='ltr'><strong><em>δοκοῦντα</em></strong></span> <span class='ocrx_word' id='word_1_10' title='bbox 1034 509 1186 606; x_wconf 88' lang='grc' dir='ltr'><strong><em>λαμβάνη</em></strong></span> <span class='ocrx_word' id='word_1_11' title='bbox 1207 518 1254 614; x_wconf 78' lang='grc' dir='ltr'><strong><em>τῷ</em></strong></span> <span class='ocrx_word' id='word_1_12' title='bbox 1273 538 1357 606; x_wconf 86' lang='grc' dir='ltr'><strong><em>μαν-</em></strong></span> 
     </span>
     <span class='ocr_line' id='line_1_3' title="bbox 260 611 1357 709; baseline 0 -23"><span class='ocrx_word' id='word_1_13' title='bbox 260 614 412 703; x_wconf 86' lang='grc' dir='ltr'><strong><em>θάνοντι,</em></strong></span> <span class='ocrx_word' id='word_1_14' title='bbox 437 611 645 701; x_wconf 82' lang='grc' dir='ltr'><strong><em>ὑποτίθεται,</em></strong></span> <span class='ocrx_word' id='word_1_15' title='bbox 675 617 732 686; x_wconf 85' lang='grc' dir='ltr'><strong><em>καλ</em></strong></span> <span class='ocrx_word' id='word_1_16' title='bbox 753 618 840 688; x_wconf 80' lang='grc' dir='ltr'><strong><em>ἔστιν</em></strong></span> <span class='ocrx_word' id='word_1_17' title='bbox 862 612 928 709; x_wconf 83' lang='grc' dir='ltr'><strong><em>οὑχ</em></strong></span> <span class='ocrx_word' id='word_1_18' title='bbox 951 612 1064 702; x_wconf 80' lang='grc' dir='ltr'><strong><em>άπλῶς</em></strong></span> <span class='ocrx_word' id='word_1_19' title='bbox 1081 612 1250 702; x_wconf 80' lang='grc' dir='ltr'><strong><em>ὑπόθεσις</em></strong></span> <span class='ocrx_word' id='word_1_20' title='bbox 1272 611 1357 686; x_wconf 84' lang='grc' dir='ltr'><strong><em>άλλά</em></strong></span> 
     </span>
    </p>

    <p class='ocr_par' dir='ltr' id='par_1_3' title="bbox 224 711 1358 1218">
     <span class='ocr_line' id='line_1_4' title="bbox 224 711 1358 814; baseline 0.001 -27"><span class='ocrx_word' id='word_1_21' title='bbox 224 712 348 809; x_wconf 85' lang='grc' dir='ltr'><strong><em>ιοπρὺς</em></strong></span> <span class='ocrx_word' id='word_1_22' title='bbox 359 715 482 787; x_wconf 71' lang='grc' dir='ltr'><strong><em>ἐκεῖνον</em></strong></span> <span class='ocrx_word' id='word_1_23' title='bbox 495 715 611 809; x_wconf 90' lang='grc' dir='ltr'><strong><em>μόνον,</em></strong></span> <span class='ocrx_word' id='word_1_24' title='bbox 637 712 678 788; x_wconf 83' lang='grc' dir='ltr'><strong><em>άν</em></strong></span> <span class='ocrx_word' id='word_1_25' title='bbox 693 717 729 788; x_wconf 74' lang='grc' dir='ltr'><strong><em>δέ</em></strong></span> <span class='ocrx_word' id='word_1_26' title='bbox 751 713 776 814; x_wconf 75' lang='grc' dir='ltr'><em>ἢ</em></span> <span class='ocrx_word' id='word_1_27' title='bbox 795 720 955 814; x_wconf 78' lang='grc' dir='ltr'><strong><em>μηδεμιᾶς</em></strong></span> <span class='ocrx_word' id='word_1_28' title='bbox 976 715 1120 814; x_wconf 88' lang='grc' dir='ltr'><strong><em>ένοὺσης</em></strong></span> <span class='ocrx_word' id='word_1_29' title='bbox 1139 712 1243 811; x_wconf 83' lang='grc' dir='ltr'><strong><em>θόξης</em></strong></span> <span class='ocrx_word' id='word_1_30' title='bbox 1258 711 1282 812; x_wconf 79' lang='grc' dir='ltr'><strong><em>ἢ</em></strong></span> <span class='ocrx_word' id='word_1_31' title='bbox 1300 717 1358 788; x_wconf 76' lang='grc' dir='ltr'><strong><em>καὶ</em></strong></span> 
     </span>
     <span class='ocr_line' id='line_1_5' title="bbox 262 815 1358 917; baseline -0.003 -27"><span class='ocrx_word' id='word_1_32' title='bbox 262 817 411 905; x_wconf 71' lang='grc' dir='ltr'><strong><em>ἐναντίας</em></strong></span> <span class='ocrx_word' id='word_1_33' title='bbox 423 817 567 916; x_wconf 83' lang='grc' dir='ltr'><strong><em>ένοάσης</em></strong></span> <span class='ocrx_word' id='word_1_34' title='bbox 580 816 733 911; x_wconf 85' lang='grc' dir='ltr'><strong><em>λαμβάνη</em></strong></span> <span class='ocrx_word' id='word_1_35' title='bbox 748 816 789 891; x_wconf 81' lang='grc' dir='ltr'><strong><em>τά</em></strong></span> <span class='ocrx_word' id='word_1_36' title='bbox 807 815 903 906; x_wconf 85' lang='grc' dir='ltr'><strong><em>αὑτό,</em></strong></span> <span class='ocrx_word' id='word_1_37' title='bbox 922 820 1064 890; x_wconf 76' lang='grc' dir='ltr'><strong><em>αἰτεῖται.</em></strong></span> <span class='ocrx_word' id='word_1_38' title='bbox 1091 819 1149 889; x_wconf 85' lang='grc' dir='ltr'><strong><em>καλ</em></strong></span> <span class='ocrx_word' id='word_1_39' title='bbox 1160 817 1270 917; x_wconf 77' lang='grc' dir='ltr'><strong><em>τούτῳ</em></strong></span> <span class='ocrx_word' id='word_1_40' title='bbox 1283 820 1358 888; x_wconf 80' lang='grc' dir='ltr'><strong><em>θια-</em></strong></span> 
     </span>
     <span class='ocr_line' id='line_1_6' title="bbox 261 915 1358 1017; baseline 0.001 -26"><span class='ocrx_word' id='word_1_41' title='bbox 261 919 357 1014; x_wconf 82' lang='grc' dir='ltr'><strong><em>φέρει</em></strong></span> <span class='ocrx_word' id='word_1_42' title='bbox 371 915 541 1008; x_wconf 89' lang='grc' dir='ltr'><strong><em>ὑπόθεσις</em></strong></span> <span class='ocrx_word' id='word_1_43' title='bbox 556 921 613 990; x_wconf 87' lang='grc' dir='ltr'><strong><em>ιιαλ</em></strong></span> <span class='ocrx_word' id='word_1_44' title='bbox 626 921 764 1014; x_wconf 71' lang='grc' dir='ltr'><strong><em>αἴτημα·</em></strong></span> <span class='ocrx_word' id='word_1_45' title='bbox 790 917 934 1014; x_wconf 78' lang='grc' dir='ltr'><strong><em>ἔστιγὰρ</em></strong></span> <span class='ocrx_word' id='word_1_46' title='bbox 951 923 1071 1017; x_wconf 73' lang='grc' dir='ltr'><strong><em>αἴτημα</em></strong></span> <span class='ocrx_word' id='word_1_47' title='bbox 1092 915 1132 991; x_wconf 87' lang='grc' dir='ltr'>τὸ</span> <span class='ocrx_word' id='word_1_48' title='bbox 1158 915 1358 992; x_wconf 74' lang='grc' dir='ltr'><strong><em>ὑπεναντίον</em></strong></span> 
     </span>
     <span class='ocr_line' id='line_1_7' title="bbox 261 1015 1357 1117; baseline 0 -24"><span class='ocrx_word' id='word_1_49' title='bbox 261 1026 326 1093; x_wconf 81' lang='grc' dir='ltr'><strong><em>τοῦ</em></strong></span> <span class='ocrx_word' id='word_1_50' title='bbox 347 1018 577 1112; x_wconf 78' lang='grc' dir='ltr'><strong><em>μανθάνοντος</em></strong></span> <span class='ocrx_word' id='word_1_51' title='bbox 592 1027 633 1114; x_wconf 77' lang='grc' dir='ltr'><strong><em>τη</em></strong></span> <span class='ocrx_word' id='word_1_52' title='bbox 655 1018 746 1113; x_wconf 80' lang='grc' dir='ltr'><strong><em>θόξη,</em></strong></span> <span class='ocrx_word' id='word_1_53' title='bbox 772 1015 796 1117; x_wconf 80' lang='grc' dir='ltr'><strong><em>ἢ</em></strong></span> <span class='ocrx_word' id='word_1_54' title='bbox 819 1015 840 1093; x_wconf 84' lang='grc' dir='ltr'><strong><em>ὑ</em></strong></span> <span class='ocrx_word' id='word_1_55' title='bbox 860 1016 902 1092; x_wconf 88' lang='grc' dir='ltr'><strong><em>άν</em></strong></span> <span class='ocrx_word' id='word_1_56' title='bbox 918 1047 975 1110; x_wconf 88' lang='grc' dir='ltr'><strong><em>τις</em></strong></span> <span class='ocrx_word' id='word_1_57' title='bbox 991 1017 1190 1094; x_wconf 84' lang='grc' dir='ltr'><strong><em>άποθεικτὺν</em></strong></span> <span class='ocrx_word' id='word_1_58' title='bbox 1209 1015 1251 1093; x_wconf 82' lang='grc' dir='ltr'><strong><em>ὑν</em></strong></span> <span class='ocrx_word' id='word_1_59' title='bbox 1273 1024 1357 1114; x_wconf 85' lang='grc' dir='ltr'><strong><em>λαμ·</em></strong></span> 
     </span>
     <span class='ocr_line' id='line_1_8' title="bbox 261 1117 742 1218; baseline -0.006 -23"><span class='ocrx_word' id='word_1_60' title='bbox 261 1121 348 1216; x_wconf 89' lang='grc' dir='ltr'><strong><em>βάνη</em></strong></span> <span class='ocrx_word' id='word_1_61' title='bbox 362 1121 419 1191; x_wconf 85' lang='grc' dir='ltr'><strong><em>καὶ</em></strong></span> <span class='ocrx_word' id='word_1_62' title='bbox 432 1127 550 1218; x_wconf 80' lang='grc' dir='ltr'><strong><em>χρῆται</em></strong></span> <span class='ocrx_word' id='word_1_63' title='bbox 562 1117 609 1217; x_wconf 71' lang='grc' dir='ltr'><strong><em>μη“</em></strong></span> <span class='ocrx_word' id='word_1_64' title='bbox 624 1119 742 1210; x_wconf 72' lang='grc' dir='ltr'><strong><em>(λείξας.</em></strong></span> 
     </span>
    </p>

    <p class='ocr_par' dir='ltr' id='par_1_4' title="bbox 222 1211 1358 1722">
     <span class='ocr_line' id='line_1_9' title="bbox 222 1211 1358 1394; baseline 0.001 -103"><span class='ocrx_word' id='word_1_65' title='bbox 222 1247 250 1291; x_wconf 89' lang='grc' dir='ltr'><strong><em>ιι</em></strong></span> <span class='ocrx_word' id='word_1_66' title='bbox 344 1223 386 1293; x_wconf 87' lang='grc' dir='ltr'><strong><em>Ολ</em></strong></span> <span class='ocrx_word' id='word_1_67' title='bbox 399 1222 460 1313; x_wconf 78' lang='grc' dir='ltr'><strong><em>μέν</em></strong></span> <span class='ocrx_word' id='word_1_68' title='bbox 474 1211 538 1294; x_wconf 82' lang='grc' dir='ltr'><strong><em>οὖν</em></strong></span> <span class='ocrx_word' id='word_1_69' title='bbox 552 1219 626 1312; x_wconf 86' lang='grc' dir='ltr'><strong><em>ὅροι</em></strong></span> <span class='ocrx_word' id='word_1_70' title='bbox 641 1220 709 1295; x_wconf 82' lang='grc' dir='ltr'><strong><em>οὑκ</em></strong></span> <span class='ocrx_word' id='word_1_71' title='bbox 727 1223 809 1295; x_wconf 76' lang='grc' dir='ltr'><strong><em>εἰσὶν</em></strong></span> <span class='ocrx_word' id='word_1_72' title='bbox 822 1217 1007 1310; x_wconf 71' lang='grc' dir='ltr'><strong><em>ὑποθέσεις</em></strong></span> <span class='ocrx_word' id='word_1_73' title='bbox 1022 1219 1141 1316; x_wconf 75' lang='grc' dir='ltr'><strong><em>(οὐθέν</em></strong></span> <span class='ocrx_word' id='word_1_74' title='bbox 1155 1218 1219 1317; x_wconf 86' lang='grc' dir='ltr'><strong><em>γάρ</em></strong></span> <span class='ocrx_word' id='word_1_75' title='bbox 1235 1215 1318 1294; x_wconf 80' lang='grc' dir='ltr'><strong><em>εἶναι</em></strong></span> <span class='ocrx_word' id='word_1_76' title='bbox 1327 1216 1358 1394; x_wconf 60' lang='grc' dir='ltr'><strong><em>γη</em></strong></span> 
     </span>
     <span class='ocr_line' id='line_1_10' title="bbox 260 1319 1315 1420; baseline -0.001 -26"><span class='ocrx_word' id='word_1_77' title='bbox 260 1319 308 1420; x_wconf 80' lang='grc' dir='ltr'><strong><em>μὴ</em></strong></span> <span class='ocrx_word' id='word_1_78' title='bbox 325 1322 504 1417; x_wconf 84' lang='grc' dir='ltr'><strong><em>λέγονται),</em></strong></span> <span class='ocrx_word' id='word_1_79' title='bbox 530 1320 601 1395; x_wconf 80' lang='grc' dir='ltr'><strong><em>ἀλλ’</em></strong></span> <span class='ocrx_word' id='word_1_80' title='bbox 616 1324 651 1396; x_wconf 77' lang='grc' dir='ltr'><strong><em>ἐν</em></strong></span> <span class='ocrx_word' id='word_1_81' title='bbox 665 1331 737 1412; x_wconf 85' lang='grc' dir='ltr'><strong><em>ταῖς</em></strong></span> <span class='ocrx_word' id='word_1_82' title='bbox 750 1321 949 1416; x_wconf 89' lang='grc' dir='ltr'><strong><em>προτάσεσιν</em></strong></span> <span class='ocrx_word' id='word_1_83' title='bbox 965 1325 998 1395; x_wconf 80' lang='grc' dir='ltr'><strong><em>αἱ</em></strong></span> <span class='ocrx_word' id='word_1_84' title='bbox 1010 1321 1201 1412; x_wconf 87' lang='grc' dir='ltr'><strong><em>ὑποθέσεις.</em></strong></span> <span class='ocrx_word' id='word_1_85' title='bbox 1232 1319 1315 1411; x_wconf 87' lang='grc' dir='ltr'><strong><em>τοὺς</em></strong></span> 
     </span>
     <span class='ocr_line' id='line_1_11' title="bbox 261 1420 1357 1520; baseline -0.002 -24"><span class='ocrx_word' id='word_1_86' title='bbox 261 1421 366 1514; x_wconf 79' lang='grc' dir='ltr'><strong><em>ὅρους</em></strong></span> <span class='ocrx_word' id='word_1_87' title='bbox 378 1422 485 1515; x_wconf 88' lang='grc' dir='ltr'><strong><em>μόνον</em></strong></span> <span class='ocrx_word' id='word_1_88' title='bbox 499 1421 672 1510; x_wconf 83' lang='grc' dir='ltr'><strong><em>ξυνίεσθαι</em></strong></span> <span class='ocrx_word' id='word_1_89' title='bbox 686 1429 750 1496; x_wconf 85' lang='grc' dir='ltr'><strong><em>θεῖ·</em></strong></span> <span class='ocrx_word' id='word_1_90' title='bbox 765 1430 868 1496; x_wconf 82' lang='grc' dir='ltr'><strong><em>τοῦτο</em></strong></span> <span class='ocrx_word' id='word_1_91' title='bbox 884 1420 915 1495; x_wconf 78' lang='grc' dir='ltr'><strong><em>θ’</em></strong></span> <span class='ocrx_word' id='word_1_92' title='bbox 929 1422 995 1518; x_wconf 86' lang='grc' dir='ltr'><strong><em>οὑχ</em></strong></span> <span class='ocrx_word' id='word_1_93' title='bbox 1009 1422 1185 1513; x_wconf 88' lang='grc' dir='ltr'><strong><em>ὑπόθεσις,</em></strong></span> <span class='ocrx_word' id='word_1_94' title='bbox 1202 1424 1232 1495; x_wconf 79' lang='grc' dir='ltr'><strong><em>εἰ</em></strong></span> <span class='ocrx_word' id='word_1_95' title='bbox 1243 1420 1290 1520; x_wconf 73' lang='grc' dir='ltr'><strong><em>μη“</em></strong></span> <span class='ocrx_word' id='word_1_96' title='bbox 1299 1423 1357 1494; x_wconf 79' lang='grc' dir='ltr'><strong><em>καλ</em></strong></span> 
     </span>
     <span class='ocr_line' id='line_1_12' title="bbox 260 1520 1358 1625; baseline 0 -29"><span class='ocrx_word' id='word_1_97' title='bbox 260 1522 300 1597; x_wconf 86' lang='grc' dir='ltr'><strong><em>τὸ</em></strong></span> <span class='ocrx_word' id='word_1_98' title='bbox 326 1522 461 1598; x_wconf 85' lang='grc' dir='ltr'><strong><em>άκοάειν</em></strong></span> <span class='ocrx_word' id='word_1_99' title='bbox 476 1522 644 1598; x_wconf 84' lang='grc' dir='ltr'><strong><em>ὑπόθεσίν</em></strong></span> <span class='ocrx_word' id='word_1_100' title='bbox 665 1553 715 1613; x_wconf 92' lang='grc' dir='ltr'><strong><em>τις</em></strong></span> <span class='ocrx_word' id='word_1_101' title='bbox 729 1520 811 1598; x_wconf 81' lang='grc' dir='ltr'><strong><em>εἶναι</em></strong></span> <span class='ocrx_word' id='word_1_102' title='bbox 829 1522 940 1621; x_wconf 82' lang='grc' dir='ltr'><strong><em>φήσει.</em></strong></span> <span class='ocrx_word' id='word_1_103' title='bbox 982 1523 1054 1596; x_wconf 73' lang='grc' dir='ltr'><strong><em>ἀλλ’</em></strong></span> <span class='ocrx_word' id='word_1_104' title='bbox 1074 1521 1166 1597; x_wconf 84' lang='grc' dir='ltr'><strong><em>ὅσων</em></strong></span> <span class='ocrx_word' id='word_1_105' title='bbox 1185 1521 1293 1598; x_wconf 85' lang='grc' dir='ltr'><strong><em>ὄντων</em></strong></span> <span class='ocrx_word' id='word_1_106' title='bbox 1310 1529 1358 1625; x_wconf 76' lang='grc' dir='ltr'><strong><em>τῷ</em></strong></span> 
     </span>
     <span class='ocr_line' id='line_1_13' title="bbox 261 1620 1357 1722; baseline 0 -24"><span class='ocrx_word' id='word_1_107' title='bbox 261 1626 368 1698; x_wconf 79' lang='grc' dir='ltr'><strong><em>ἐκεῖνα</em></strong></span> <span class='ocrx_word' id='word_1_108' title='bbox 378 1620 460 1699; x_wconf 77' lang='grc' dir='ltr'><strong><em>εἶναι</em></strong></span> <span class='ocrx_word' id='word_1_109' title='bbox 471 1627 593 1721; x_wconf 85' lang='grc' dir='ltr'><strong><em>γίνεται</em></strong></span> <span class='ocrx_word' id='word_1_110' title='bbox 603 1625 641 1699; x_wconf 84' lang='grc' dir='ltr'><strong><em>τὸ</em></strong></span> <span class='ocrx_word' id='word_1_111' title='bbox 651 1627 883 1720; x_wconf 69' lang='grc' dir='ltr'><strong><em>συμπέρασμα.</em></strong></span> <span class='ocrx_word' id='word_1_112' title='bbox 918 1621 993 1697; x_wconf 76' lang='grc' dir='ltr'><strong><em>οὐθ’</em></strong></span> <span class='ocrx_word' id='word_1_113' title='bbox 1010 1624 1031 1698; x_wconf 86' lang='grc' dir='ltr'><em>ὃ</em></span> <span class='ocrx_word' id='word_1_114' title='bbox 1046 1626 1229 1722; x_wconf 76' lang='grc' dir='ltr'><strong><em>γεωμέτρης</em></strong></span> <span class='ocrx_word' id='word_1_115' title='bbox 1244 1629 1357 1722; x_wconf 73' lang='grc' dir='ltr'><strong><em>ὑευθή</em></strong></span> 
     </span>
    </p>

    <p class='ocr_par' dir='ltr' id='par_1_5' title="bbox 221 1723 1357 2029">
     <span class='ocr_line' id='line_1_14' title="bbox 221 1723 1356 1826; baseline 0.002 -28"><span class='ocrx_word' id='word_1_116' title='bbox 221 1754 250 1798; x_wconf 87' lang='grc' dir='ltr'><strong><em>ιο</em></strong></span> <span class='ocrx_word' id='word_1_117' title='bbox 260 1723 468 1815; x_wconf 82' lang='grc' dir='ltr'><strong><em>ὑποτίθεται,</em></strong></span> <span class='ocrx_word' id='word_1_118' title='bbox 482 1725 596 1822; x_wconf 73' lang='grc' dir='ltr'><strong><em>ὥσπερ</em></strong></span> <span class='ocrx_word' id='word_1_119' title='bbox 610 1731 697 1816; x_wconf 77' lang='grc' dir='ltr'><strong><em>τινές</em></strong></span> <span class='ocrx_word' id='word_1_120' title='bbox 708 1730 846 1823; x_wconf 76' lang='grc' dir='ltr'><strong><em>ἔφασαν,</em></strong></span> <span class='ocrx_word' id='word_1_121' title='bbox 861 1727 1011 1822; x_wconf 86' lang='grc' dir='ltr'><strong><em>λέγοντες</em></strong></span> <span class='ocrx_word' id='word_1_122' title='bbox 1024 1725 1069 1816; x_wconf 82' lang='grc' dir='ltr'><strong><em>ὑς</em></strong></span> <span class='ocrx_word' id='word_1_123' title='bbox 1084 1725 1129 1800; x_wconf 82' lang='grc' dir='ltr'><strong><em>οὑ</em></strong></span> <span class='ocrx_word' id='word_1_124' title='bbox 1142 1732 1195 1800; x_wconf 80' lang='grc' dir='ltr'><strong><em>θεῖ</em></strong></span> <span class='ocrx_word' id='word_1_125' title='bbox 1207 1732 1257 1826; x_wconf 72' lang='grc' dir='ltr'><strong><em>τῷ</em></strong></span> <span class='ocrx_word' id='word_1_126' title='bbox 1267 1727 1356 1814; x_wconf 80' lang='grc' dir='ltr'><strong><em>ιβεὺ-</em></strong></span> 
     </span>
     <span class='ocr_line' id='line_1_15' title="bbox 261 1827 1357 1927; baseline -0.002 -26"><span class='ocrx_word' id='word_1_127' title='bbox 261 1833 311 1901; x_wconf 82' lang='grc' dir='ltr'><strong><em>θει</em></strong></span> <span class='ocrx_word' id='word_1_128' title='bbox 330 1836 495 1926; x_wconf 79' lang='grc' dir='ltr'><strong><em>χρῆσθαι,</em></strong></span> <span class='ocrx_word' id='word_1_129' title='bbox 527 1827 590 1903; x_wconf 82' lang='grc' dir='ltr'><strong><em>τάν</em></strong></span> <span class='ocrx_word' id='word_1_130' title='bbox 611 1832 647 1902; x_wconf 75' lang='grc' dir='ltr'><strong><em>δέ</em></strong></span> <span class='ocrx_word' id='word_1_131' title='bbox 673 1830 857 1927; x_wconf 72' lang='grc' dir='ltr'><strong><em>γεωμέτρην</em></strong></span> <span class='ocrx_word' id='word_1_132' title='bbox 883 1830 1072 1913; x_wconf 80' lang='grc' dir='ltr'><strong><em>ὑεὺθεσθαι</em></strong></span> <span class='ocrx_word' id='word_1_133' title='bbox 1096 1830 1232 1923; x_wconf 88' lang='grc' dir='ltr'><strong><em>λέγοντα</em></strong></span> <span class='ocrx_word' id='word_1_134' title='bbox 1259 1831 1357 1900; x_wconf 78' lang='grc' dir='ltr'><strong><em>ποθι-</em></strong></span> 
     </span>
     <span class='ocr_line' id='line_1_16' title="bbox 261 1925 1357 2029; baseline -0.001 -29"><span class='ocrx_word' id='word_1_135' title='bbox 261 1928 411 2029; x_wconf 79' lang='grc' dir='ltr'><strong><em>αέαντην</em></strong></span> <span class='ocrx_word' id='word_1_136' title='bbox 425 1928 471 2003; x_wconf 84' lang='grc' dir='ltr'><strong><em>οὑ</em></strong></span> <span class='ocrx_word' id='word_1_137' title='bbox 479 1927 669 2029; x_wconf 75' lang='grc' dir='ltr'><strong><em>ποθιαέανῆ</em></strong></span> <span class='ocrx_word' id='word_1_138' title='bbox 685 1925 1125 2027; x_wconf 77' lang='grc' dir='ltr'><strong><em>εὑθεῖαντηνγεγμαμμένην</em></strong></span> <span class='ocrx_word' id='word_1_139' title='bbox 1140 1927 1207 2002; x_wconf 83' lang='grc' dir='ltr'><strong><em>οὑκ</em></strong></span> <span class='ocrx_word' id='word_1_140' title='bbox 1220 1926 1357 2001; x_wconf 83' lang='grc' dir='ltr'><strong><em>εὑθεῖαν</em></strong></span> 
     </span>
    </p>

    <p class='ocr_par' dir='ltr' id='par_1_6' title="bbox 175 2019 1358 2134">
     <span class='ocr_line' id='line_1_17' title="bbox 175 2019 1358 2134; baseline 0.001 -34"><span class='ocrx_word' id='word_1_141' title='bbox 175 2067 203 2120; x_wconf 70' lang='lat' dir='ltr'><strong><em>p.</em></strong></span> <span class='ocrx_word' id='word_1_142' title='bbox 214 2047 248 2100; x_wconf 70' lang='grc' dir='ltr'><strong><em>τι</em></strong></span> <span class='ocrx_word' id='word_1_143' title='bbox 261 2019 379 2103; x_wconf 81' lang='grc' dir='ltr'><strong><em>οὖσαν.</em></strong></span> <span class='ocrx_word' id='word_1_144' title='bbox 423 2029 444 2104; x_wconf 88' lang='grc' dir='ltr'>ὁ</span> <span class='ocrx_word' id='word_1_145' title='bbox 458 2034 495 2104; x_wconf 77' lang='grc' dir='ltr'><strong><em>δέ</em></strong></span> <span class='ocrx_word' id='word_1_146' title='bbox 513 2033 695 2129; x_wconf 77' lang='grc' dir='ltr'><strong><em>γεωμέτρης</em></strong></span> <span class='ocrx_word' id='word_1_147' title='bbox 712 2030 814 2104; x_wconf 78' lang='grc' dir='ltr'><strong><em>οὐθέν</em></strong></span> <span class='ocrx_word' id='word_1_148' title='bbox 834 2032 1089 2124; x_wconf 80' lang='grc' dir='ltr'><strong><em>συμπεραίνεται</em></strong></span> <span class='ocrx_word' id='word_1_149' title='bbox 1102 2039 1150 2134; x_wconf 79' lang='grc' dir='ltr'><strong><em>τῷ</em></strong></span> <span class='ocrx_word' id='word_1_150' title='bbox 1162 2029 1261 2128; x_wconf 85' lang='grc' dir='ltr'><strong><em>ιη’νθε</em></strong></span> <span class='ocrx_word' id='word_1_151' title='bbox 1275 2024 1358 2102; x_wconf 77' lang='grc' dir='ltr'><strong><em>εἶναι</em></strong></span> 
     </span>
    </p>

    <p class='ocr_par' dir='ltr' id='par_1_7' title="bbox 260 2129 1358 2429">
     <span class='ocr_line' id='line_1_18' title="bbox 260 2129 1357 2259; baseline -0.001 -55"><span class='ocrx_word' id='word_1_152' title='bbox 260 2130 431 2228; x_wconf 83' lang='grc' dir='ltr'><strong><em>γραμμήν,</em></strong></span> <span class='ocrx_word' id='word_1_153' title='bbox 463 2131 508 2230; x_wconf 82' lang='grc' dir='ltr'><strong><em>ἣν</em></strong></span> <span class='ocrx_word' id='word_1_154' title='bbox 530 2132 636 2224; x_wconf 85' lang='grc' dir='ltr'><strong><em>αὑτάς</em></strong></span> <span class='ocrx_word' id='word_1_155' title='bbox 666 2135 861 2227; x_wconf 79' lang='grc' dir='ltr'><strong><em>έφθεγιιται,</em></strong></span> <span class='ocrx_word' id='word_1_156' title='bbox 894 2129 978 2202; x_wconf 86' lang='grc' dir='ltr'><strong><em>άλλά</em></strong></span> <span class='ocrx_word' id='word_1_157' title='bbox 997 2130 1038 2204; x_wconf 83' lang='grc' dir='ltr'><strong><em>τά</em></strong></span> <span class='ocrx_word' id='word_1_158' title='bbox 1061 2132 1118 2205; x_wconf 79' lang='grc' dir='ltr'><strong><em>θιά</em></strong></span> <span class='ocrx_word' id='word_1_159' title='bbox 1142 2131 1271 2205; x_wconf 83' lang='grc' dir='ltr'><strong><em>τοὺτιιν</em></strong></span> <span class='ocrx_word' id='word_1_160' title='bbox 1293 2136 1357 2259; x_wconf 80' lang='grc' dir='ltr'><strong><em>θη-</em></strong></span> 
     </span>
     <span class='ocr_line' id='line_1_19' title="bbox 260 2228 1358 2333; baseline -0.001 -27"><span class='ocrx_word' id='word_1_161' title='bbox 260 2234 420 2326; x_wconf 85' lang='grc' dir='ltr'><strong><em>λοὺμενα.</em></strong></span> <span class='ocrx_word' id='word_1_162' title='bbox 461 2234 507 2306; x_wconf 79' lang='grc' dir='ltr'><strong><em>ἔτι</em></strong></span> <span class='ocrx_word' id='word_1_163' title='bbox 520 2233 561 2308; x_wconf 84' lang='grc' dir='ltr'><strong><em>τά</em></strong></span> <span class='ocrx_word' id='word_1_164' title='bbox 579 2237 700 2333; x_wconf 77' lang='grc' dir='ltr'><strong><em>αἴτημα</em></strong></span> <span class='ocrx_word' id='word_1_165' title='bbox 712 2236 770 2306; x_wconf 85' lang='grc' dir='ltr'><strong><em>καλ</em></strong></span> <span class='ocrx_word' id='word_1_166' title='bbox 786 2232 954 2321; x_wconf 82' lang='grc' dir='ltr'><strong><em>ὑπόθεσις</em></strong></span> <span class='ocrx_word' id='word_1_167' title='bbox 966 2241 1059 2306; x_wconf 80' lang='grc' dir='ltr'><strong><em>πάσα</em></strong></span> <span class='ocrx_word' id='word_1_168' title='bbox 1076 2230 1101 2333; x_wconf 72' lang='grc' dir='ltr'><strong><em>ἢ</em></strong></span> <span class='ocrx_word' id='word_1_169' title='bbox 1115 2231 1161 2323; x_wconf 86' lang='grc' dir='ltr'><strong><em>ὑς</em></strong></span> <span class='ocrx_word' id='word_1_170' title='bbox 1179 2231 1260 2307; x_wconf 83' lang='grc' dir='ltr'><strong><em>ὅλον</em></strong></span> <span class='ocrx_word' id='word_1_171' title='bbox 1272 2228 1296 2331; x_wconf 71' lang='grc' dir='ltr'><strong><em>ἢ</em></strong></span> <span class='ocrx_word' id='word_1_172' title='bbox 1309 2260 1358 2322; x_wconf 88' lang='grc' dir='ltr'><strong><em>ως</em></strong></span> 
     </span>
     <span class='ocr_line' id='line_1_20' title="bbox 261 2332 955 2429; baseline -0.004 -21"><span class='ocrx_word' id='word_1_173' title='bbox 261 2334 296 2408; x_wconf 74' lang='grc' dir='ltr'><strong><em>έν</em></strong></span> <span class='ocrx_word' id='word_1_174' title='bbox 310 2336 410 2429; x_wconf 89' lang='grc' dir='ltr'><strong><em>μέρει,</em></strong></span> <span class='ocrx_word' id='word_1_175' title='bbox 437 2335 471 2407; x_wconf 83' lang='grc' dir='ltr'><strong><em>ολ</em></strong></span> <span class='ocrx_word' id='word_1_176' title='bbox 485 2333 516 2407; x_wconf 83' lang='grc' dir='ltr'><strong><em>θ’</em></strong></span> <span class='ocrx_word' id='word_1_177' title='bbox 535 2333 610 2428; x_wconf 83' lang='grc' dir='ltr'><strong><em>ὅροι</em></strong></span> <span class='ocrx_word' id='word_1_178' title='bbox 626 2335 805 2427; x_wconf 84' lang='grc' dir='ltr'><strong><em>ου’θέτερον</em></strong></span> <span class='ocrx_word' id='word_1_179' title='bbox 817 2332 955 2407; x_wconf 79' lang='grc' dir='ltr'><strong><em>τούτων.</em></strong></span> 
     </span>
    </p>

    <p class='ocr_par' dir='ltr' id='par_1_8' title="bbox 200 2426 1358 2936">
     <span class='ocr_line' id='line_1_21' title="bbox 200 2426 1356 2535; baseline -0.008 -21"><span class='ocrx_word' id='word_1_180' title='bbox 200 2444 247 2514; x_wconf 94' lang='lat' dir='ltr'><strong><em>ll</em></strong></span> <span class='ocrx_word' id='word_1_181' title='bbox 337 2439 427 2533; x_wconf 79' lang='grc' dir='ltr'><strong><em>Εἴθη</em></strong></span> <span class='ocrx_word' id='word_1_182' title='bbox 441 2438 500 2529; x_wconf 77' lang='grc' dir='ltr'><strong><em>μέν</em></strong></span> <span class='ocrx_word' id='word_1_183' title='bbox 516 2426 582 2510; x_wconf 84' lang='grc' dir='ltr'><strong><em>οὑν</em></strong></span> <span class='ocrx_word' id='word_1_184' title='bbox 601 2434 685 2512; x_wconf 77' lang='grc' dir='ltr'><strong><em>εἶναι</em></strong></span> <span class='ocrx_word' id='word_1_185' title='bbox 699 2433 722 2535; x_wconf 78' lang='grc' dir='ltr'><strong><em>ἢ</em></strong></span> <span class='ocrx_word' id='word_1_186' title='bbox 736 2439 770 2509; x_wconf 77' lang='grc' dir='ltr'><strong><em>έν</em></strong></span> <span class='ocrx_word' id='word_1_187' title='bbox 792 2465 824 2509; x_wconf 94' lang='grc' dir='ltr'><strong><em>τι</em></strong></span> <span class='ocrx_word' id='word_1_188' title='bbox 845 2433 936 2530; x_wconf 88' lang='grc' dir='ltr'><strong><em>παρά</em></strong></span> <span class='ocrx_word' id='word_1_189' title='bbox 952 2432 992 2507; x_wconf 83' lang='grc' dir='ltr'><strong><em>τά</em></strong></span> <span class='ocrx_word' id='word_1_190' title='bbox 1008 2431 1118 2507; x_wconf 89' lang='grc' dir='ltr'><strong><em>πολλά</em></strong></span> <span class='ocrx_word' id='word_1_191' title='bbox 1134 2431 1201 2506; x_wconf 84' lang='grc' dir='ltr'><strong><em>οὑκ</em></strong></span> <span class='ocrx_word' id='word_1_192' title='bbox 1215 2432 1356 2532; x_wconf 86' lang='grc' dir='ltr'><strong><em>άνάγκη,</em></strong></span> 
     </span>
     <span class='ocr_line' id='line_1_22' title="bbox 234 2532 1357 2633; baseline -0.003 -21"><span class='ocrx_word' id='word_1_193' title='bbox 234 2537 291 2612; x_wconf 80' lang='grc' dir='ltr'><strong><em>τεέ</em></strong></span> <span class='ocrx_word' id='word_1_194' title='bbox 310 2533 476 2626; x_wconf 81' lang='grc' dir='ltr'><strong><em>άπάθειξις</em></strong></span> <span class='ocrx_word' id='word_1_195' title='bbox 498 2538 598 2629; x_wconf 76' lang='grc' dir='ltr'><strong><em>ἔσται,</em></strong></span> <span class='ocrx_word' id='word_1_196' title='bbox 624 2534 707 2612; x_wconf 85' lang='grc' dir='ltr'><strong><em>εἶναι</em></strong></span> <span class='ocrx_word' id='word_1_197' title='bbox 728 2538 840 2631; x_wconf 85' lang='grc' dir='ltr'><strong><em>μέντοι</em></strong></span> <span class='ocrx_word' id='word_1_198' title='bbox 852 2539 890 2609; x_wconf 70' lang='grc' dir='ltr'><strong><em>ἓν</em></strong></span> <span class='ocrx_word' id='word_1_199' title='bbox 914 2533 997 2609; x_wconf 86' lang='grc' dir='ltr'><strong><em>κατά</em></strong></span> <span class='ocrx_word' id='word_1_200' title='bbox 1014 2541 1147 2607; x_wconf 81' lang='grc' dir='ltr'><strong><em>πολλῶν</em></strong></span> <span class='ocrx_word' id='word_1_201' title='bbox 1168 2532 1294 2633; x_wconf 74' lang='grc' dir='ltr'><strong><em>άληθές</em></strong></span> <span class='ocrx_word' id='word_1_202' title='bbox 1310 2538 1357 2609; x_wconf 65' lang='lat' dir='ltr'><strong><em>st-</em></strong></span> 
     </span>
     <span class='ocr_line' id='line_1_23' title="bbox 259 2626 1358 2735; baseline 0.001 -26"><span class='ocrx_word' id='word_1_203' title='bbox 259 2645 334 2709; x_wconf 82' lang='grc' dir='ltr'><strong><em>πεῖν</em></strong></span> <span class='ocrx_word' id='word_1_204' title='bbox 347 2635 490 2735; x_wconf 75' lang='grc' dir='ltr'><strong><em>ἀνάγκη·</em></strong></span> <span class='ocrx_word' id='word_1_205' title='bbox 517 2638 562 2712; x_wconf 79' lang='grc' dir='ltr'><strong><em>οὐ</em></strong></span> <span class='ocrx_word' id='word_1_206' title='bbox 578 2637 641 2734; x_wconf 89' lang='grc' dir='ltr'><strong><em>γάρ</em></strong></span> <span class='ocrx_word' id='word_1_207' title='bbox 657 2641 746 2713; x_wconf 81' lang='grc' dir='ltr'><strong><em>ἔσται</em></strong></span> <span class='ocrx_word' id='word_1_208' title='bbox 761 2637 801 2711; x_wconf 81' lang='grc' dir='ltr'><strong><em>τά</em></strong></span> <span class='ocrx_word' id='word_1_209' title='bbox 815 2637 980 2726; x_wconf 83' lang='grc' dir='ltr'><strong><em>καθόλου,</em></strong></span> <span class='ocrx_word' id='word_1_210' title='bbox 996 2632 1038 2708; x_wconf 83' lang='grc' dir='ltr'><strong><em>άν</em></strong></span> <span class='ocrx_word' id='word_1_211' title='bbox 1051 2633 1098 2734; x_wconf 77' lang='grc' dir='ltr'><strong><em>μη</em></strong></span> <span class='ocrx_word' id='word_1_212' title='bbox 1113 2642 1217 2709; x_wconf 80' lang='grc' dir='ltr'><strong><em>τοῦτο</em></strong></span> <span class='ocrx_word' id='word_1_213' title='bbox 1230 2626 1273 2731; x_wconf 73' lang='grc' dir='ltr'><strong><em>η’·</em></strong></span> <span class='ocrx_word' id='word_1_214' title='bbox 1299 2635 1358 2710; x_wconf 86' lang='grc' dir='ltr'><strong><em>έάν</em></strong></span> 
     </span>
     <span class='ocr_line' id='line_1_24' title="bbox 261 2729 1356 2837; baseline 0.002 -28"><span class='ocrx_word' id='word_1_215' title='bbox 261 2738 297 2810; x_wconf 69' lang='grc' dir='ltr'><strong><em>ὑὶ</em></strong></span> <span class='ocrx_word' id='word_1_216' title='bbox 307 2735 346 2809; x_wconf 83' lang='grc' dir='ltr'><strong><em>τά</em></strong></span> <span class='ocrx_word' id='word_1_217' title='bbox 360 2737 518 2811; x_wconf 80' lang='grc' dir='ltr'><strong><em>καθόλου</em></strong></span> <span class='ocrx_word' id='word_1_218' title='bbox 531 2737 578 2837; x_wconf 83' lang='grc' dir='ltr'><strong><em>μὴ</em></strong></span> <span class='ocrx_word' id='word_1_219' title='bbox 592 2729 625 2834; x_wconf 76' lang='grc' dir='ltr'><strong><em>ἦ,</em></strong></span> <span class='ocrx_word' id='word_1_220' title='bbox 638 2739 679 2814; x_wconf 85' lang='grc' dir='ltr'>τό</span> <span class='ocrx_word' id='word_1_221' title='bbox 692 2741 796 2834; x_wconf 85' lang='grc' dir='ltr'><strong><em>μέσον</em></strong></span> <span class='ocrx_word' id='word_1_222' title='bbox 807 2737 874 2812; x_wconf 82' lang='grc' dir='ltr'><strong><em>οὑκ</em></strong></span> <span class='ocrx_word' id='word_1_223' title='bbox 886 2740 986 2825; x_wconf 75' lang='grc' dir='ltr'><strong><em>ἔσται,</em></strong></span> <span class='ocrx_word' id='word_1_224' title='bbox 1000 2735 1080 2809; x_wconf 66' lang='grc' dir='ltr'><strong><em>ὥστ’</em></strong></span> <span class='ocrx_word' id='word_1_225' title='bbox 1089 2735 1164 2810; x_wconf 78' lang='grc' dir='ltr'><strong><em>οὗθ’</em></strong></span> <span class='ocrx_word' id='word_1_226' title='bbox 1178 2736 1356 2827; x_wconf 80' lang='grc' dir='ltr'><strong><em>άπάὺειξις.</em></strong></span> 
     </span>
     <span class='ocr_line' id='line_1_25' title="bbox 261 2835 1356 2936; baseline 0.002 -26"><span class='ocrx_word' id='word_1_227' title='bbox 261 2843 313 2911; x_wconf 82' lang='grc' dir='ltr'><strong><em>θεῖ</em></strong></span> <span class='ocrx_word' id='word_1_228' title='bbox 331 2836 397 2933; x_wconf 81' lang='grc' dir='ltr'><strong><em>ἄρα</em></strong></span> <span class='ocrx_word' id='word_1_229' title='bbox 417 2868 449 2912; x_wconf 92' lang='grc' dir='ltr'><strong><em>τι</em></strong></span> <span class='ocrx_word' id='word_1_230' title='bbox 471 2841 509 2912; x_wconf 68' lang='grc' dir='ltr'><strong><em>ἓν</em></strong></span> <span class='ocrx_word' id='word_1_231' title='bbox 520 2844 577 2912; x_wconf 83' lang='grc' dir='ltr'><strong><em>καλ</em></strong></span> <span class='ocrx_word' id='word_1_232' title='bbox 591 2838 630 2914; x_wconf 83' lang='grc' dir='ltr'><strong><em>τὸ</em></strong></span> <span class='ocrx_word' id='word_1_233' title='bbox 651 2839 735 2915; x_wconf 83' lang='grc' dir='ltr'><strong><em>αὑτὸ</em></strong></span> <span class='ocrx_word' id='word_1_234' title='bbox 751 2843 802 2914; x_wconf 75' lang='grc' dir='ltr'><strong><em>ἐπὶ</em></strong></span> <span class='ocrx_word' id='word_1_235' title='bbox 818 2838 985 2912; x_wconf 60' lang='grc' dir='ltr'><strong><em>Υπλειόνων</em></strong></span> <span class='ocrx_word' id='word_1_236' title='bbox 1000 2835 1083 2912; x_wconf 77' lang='grc' dir='ltr'><strong><em>εἶναι</em></strong></span> <span class='ocrx_word' id='word_1_237' title='bbox 1097 2836 1144 2936; x_wconf 77' lang='grc' dir='ltr'><strong><em>μη</em></strong></span> <span class='ocrx_word' id='word_1_238' title='bbox 1163 2836 1356 2932; x_wconf 74' lang='grc' dir='ltr'><strong><em>ὁμώνυμον.</em></strong></span> 
     </span>
    </p>

    <p class='ocr_par' dir='ltr' id='par_1_9' title="bbox 221 2936 1358 3341">
     <span class='ocr_line' id='line_1_26' title="bbox 221 2936 1358 3038; baseline 0.004 -29"><span class='ocrx_word' id='word_1_239' title='bbox 221 2936 299 3011; x_wconf 84' lang='grc' dir='ltr'><strong><em>ιοτὸ</em></strong></span> <span class='ocrx_word' id='word_1_240' title='bbox 329 2942 366 3011; x_wconf 83' lang='grc' dir='ltr'><strong><em>θέ</em></strong></span> <span class='ocrx_word' id='word_1_241' title='bbox 395 2939 442 3038; x_wconf 78' lang='grc' dir='ltr'><strong><em>μὴ</em></strong></span> <span class='ocrx_word' id='word_1_242' title='bbox 471 2941 663 3035; x_wconf 73' lang='grc' dir='ltr'><strong><em>ἐνδέχεσθαι</em></strong></span> <span class='ocrx_word' id='word_1_243' title='bbox 696 2939 764 3035; x_wconf 82' lang='grc' dir='ltr'><strong><em>άμα</em></strong></span> <span class='ocrx_word' id='word_1_244' title='bbox 792 2941 898 3036; x_wconf 86' lang='grc' dir='ltr'><strong><em>φάναι</em></strong></span> <span class='ocrx_word' id='word_1_245' title='bbox 930 2943 988 3013; x_wconf 85' lang='grc' dir='ltr'><strong><em>καλ</em></strong></span> <span class='ocrx_word' id='word_1_246' title='bbox 1010 2938 1185 3034; x_wconf 85' lang='grc' dir='ltr'><strong><em>άποφάναι</em></strong></span> <span class='ocrx_word' id='word_1_247' title='bbox 1215 2938 1358 3034; x_wconf 83' lang='grc' dir='ltr'><strong><em>οάθεμέα</em></strong></span> 
     </span>
     <span class='ocr_line' id='line_1_27' title="bbox 259 3039 1357 3141; baseline 0.005 -30"><span class='ocrx_word' id='word_1_248' title='bbox 259 3039 418 3135; x_wconf 84' lang='grc' dir='ltr'><strong><em>λαμβάνει</em></strong></span> <span class='ocrx_word' id='word_1_249' title='bbox 442 3039 628 3132; x_wconf 82' lang='grc' dir='ltr'><strong><em>άπόθειξις,</em></strong></span> <span class='ocrx_word' id='word_1_250' title='bbox 661 3041 732 3115; x_wconf 78' lang='grc' dir='ltr'><strong><em>ἄλλ’</em></strong></span> <span class='ocrx_word' id='word_1_251' title='bbox 754 3039 777 3141; x_wconf 79' lang='grc' dir='ltr'><strong><em>ἦ</em></strong></span> <span class='ocrx_word' id='word_1_252' title='bbox 800 3040 858 3115; x_wconf 88' lang='grc' dir='ltr'><strong><em>έάν</em></strong></span> <span class='ocrx_word' id='word_1_253' title='bbox 881 3043 940 3138; x_wconf 77' lang='grc' dir='ltr'><strong><em>δέη</em></strong></span> <span class='ocrx_word' id='word_1_254' title='bbox 961 3040 1064 3128; x_wconf 83' lang='grc' dir='ltr'><strong><em>θεῖξαι</em></strong></span> <span class='ocrx_word' id='word_1_255' title='bbox 1086 3042 1143 3113; x_wconf 82' lang='grc' dir='ltr'><strong><em>καλ</em></strong></span> <span class='ocrx_word' id='word_1_256' title='bbox 1162 3039 1202 3114; x_wconf 84' lang='grc' dir='ltr'><strong><em>τά</em></strong></span> <span class='ocrx_word' id='word_1_257' title='bbox 1226 3044 1357 3136; x_wconf 87' lang='grc' dir='ltr'><strong><em>συμπέ-</em></strong></span> 
     </span>
     <span class='ocr_line' id='line_1_28' title="bbox 260 3139 1357 3237; baseline 0.004 -24"><span class='ocrx_word' id='word_1_258' title='bbox 260 3159 373 3235; x_wconf 87' lang='grc' dir='ltr'><strong><em>ρασμα</em></strong></span> <span class='ocrx_word' id='word_1_259' title='bbox 386 3139 504 3231; x_wconf 84' lang='grc' dir='ltr'><strong><em>οὑτως.</em></strong></span> <span class='ocrx_word' id='word_1_260' title='bbox 538 3147 705 3217; x_wconf 77' lang='grc' dir='ltr'><strong><em>δείκνυται</em></strong></span> <span class='ocrx_word' id='word_1_261' title='bbox 718 3146 754 3217; x_wconf 78' lang='grc' dir='ltr'><strong><em>θέ</em></strong></span> <span class='ocrx_word' id='word_1_262' title='bbox 767 3150 911 3237; x_wconf 82' lang='grc' dir='ltr'><strong><em>λαβοῦσι</em></strong></span> <span class='ocrx_word' id='word_1_263' title='bbox 922 3140 962 3216; x_wconf 86' lang='grc' dir='ltr'>τὸ</span> <span class='ocrx_word' id='word_1_264' title='bbox 978 3149 1111 3237; x_wconf 75' lang='grc' dir='ltr'><strong><em>πρῶτον</em></strong></span> <span class='ocrx_word' id='word_1_265' title='bbox 1122 3139 1206 3215; x_wconf 86' lang='grc' dir='ltr'><strong><em>κατά</em></strong></span> <span class='ocrx_word' id='word_1_266' title='bbox 1221 3151 1286 3216; x_wconf 81' lang='grc' dir='ltr'><strong><em>τοῦ</em></strong></span> <span class='ocrx_word' id='word_1_267' title='bbox 1299 3145 1357 3237; x_wconf 88' lang='grc' dir='ltr'><strong><em>μέ-</em></strong></span> 
     </span>
     <span class='ocr_line' id='line_1_29' title="bbox 260 3238 1356 3341; baseline 0.005 -28"><span class='ocrx_word' id='word_1_268' title='bbox 260 3259 338 3332; x_wconf 90' lang='grc' dir='ltr'><strong><em>σου,</em></strong></span> <span class='ocrx_word' id='word_1_269' title='bbox 365 3238 417 3316; x_wconf 85' lang='grc' dir='ltr'><strong><em>ὅτι</em></strong></span> <span class='ocrx_word' id='word_1_270' title='bbox 434 3241 571 3341; x_wconf 86' lang='grc' dir='ltr'><strong><em>άληθές,</em></strong></span> <span class='ocrx_word' id='word_1_271' title='bbox 587 3243 760 3340; x_wconf 83' lang='grc' dir='ltr'><strong><em>άποφάναι</em></strong></span> <span class='ocrx_word' id='word_1_272' title='bbox 777 3243 807 3318; x_wconf 81' lang='grc' dir='ltr'><strong><em>θ’</em></strong></span> <span class='ocrx_word' id='word_1_273' title='bbox 820 3243 887 3318; x_wconf 85' lang='grc' dir='ltr'><strong><em>οὑκ</em></strong></span> <span class='ocrx_word' id='word_1_274' title='bbox 900 3243 1037 3341; x_wconf 80' lang='grc' dir='ltr'><strong><em>άληθές.</em></strong></span> <span class='ocrx_word' id='word_1_275' title='bbox 1073 3241 1113 3317; x_wconf 84' lang='grc' dir='ltr'><strong><em>τὸ</em></strong></span> <span class='ocrx_word' id='word_1_276' title='bbox 1127 3246 1163 3316; x_wconf 82' lang='grc' dir='ltr'><strong><em>θέ</em></strong></span> <span class='ocrx_word' id='word_1_277' title='bbox 1178 3245 1281 3337; x_wconf 83' lang='grc' dir='ltr'><strong><em>μέσον</em></strong></span> <span class='ocrx_word' id='word_1_278' title='bbox 1293 3243 1356 3318; x_wconf 82' lang='grc' dir='ltr'><strong><em>οὐ·</em></strong></span> 
     </span>
    </p>
   </div>
   <div class='ocr_carea' id='block_1_3' title="bbox 260 3340 1469 3443">
    <p class='ocr_par' dir='ltr' id='par_1_10' title="bbox 260 3340 1469 3443">
     <span class='ocr_line' id='line_1_30' title="bbox 260 3340 1469 3443; baseline 0.002 -28"><span class='ocrx_word' id='word_1_279' title='bbox 260 3345 318 3416; x_wconf 73' lang='grc' dir='ltr'><strong><em>θεν</em></strong></span> <span class='ocrx_word' id='word_1_280' title='bbox 342 3344 493 3439; x_wconf 79' lang='grc' dir='ltr'><strong><em>θιαφέρει</em></strong></span> <span class='ocrx_word' id='word_1_281' title='bbox 520 3341 680 3418; x_wconf 75' lang='grc' dir='ltr'><strong><em>εἶναικαὶ</em></strong></span> <span class='ocrx_word' id='word_1_282' title='bbox 703 3343 749 3443; x_wconf 82' lang='grc' dir='ltr'><strong><em>μὴ</em></strong></span> <span class='ocrx_word' id='word_1_283' title='bbox 774 3340 857 3418; x_wconf 78' lang='grc' dir='ltr'><strong><em>εἶναι</em></strong></span> <span class='ocrx_word' id='word_1_284' title='bbox 880 3351 1008 3438; x_wconf 81' lang='grc' dir='ltr'><strong><em>λαβεῖν,</em></strong></span> <span class='ocrx_word' id='word_1_285' title='bbox 1043 3343 1091 3433; x_wconf 82' lang='grc' dir='ltr'><strong><em>ὑς</em></strong></span> <span class='ocrx_word' id='word_1_286' title='bbox 1114 3342 1145 3417; x_wconf 82' lang='grc' dir='ltr'><strong><em>θ’</em></strong></span> <span class='ocrx_word' id='word_1_287' title='bbox 1170 3343 1281 3434; x_wconf 82' lang='grc' dir='ltr'><strong><em>αὕτως</em></strong></span> <span class='ocrx_word' id='word_1_288' title='bbox 1301 3348 1358 3418; x_wconf 78' lang='grc' dir='ltr'><strong><em>καὶ</em></strong></span> <span class='ocrx_word' id='word_1_289' title='bbox 1468 3398 1469 3405; x_wconf 39' lang='lat'>1</span> 
     </span>
    </p>
   </div>
   <div class='ocr_carea' id='block_1_4' title="bbox 224 3439 1357 3824">
    <p class='ocr_par' dir='ltr' id='par_1_11' title="bbox 224 3439 1357 3824">
     <span class='ocr_line' id='line_1_31' title="bbox 224 3439 1357 3544; baseline 0.005 -30"><span class='ocrx_word' id='word_1_290' title='bbox 224 3469 251 3514; x_wconf 86' lang='grc' dir='ltr'><strong><em>ιι</em></strong></span> <span class='ocrx_word' id='word_1_291' title='bbox 261 3442 300 3517; x_wconf 86' lang='grc' dir='ltr'><strong>τό</strong></span> <span class='ocrx_word' id='word_1_292' title='bbox 315 3446 434 3538; x_wconf 83' lang='grc' dir='ltr'><strong><em>τρίτον.</em></strong></span> <span class='ocrx_word' id='word_1_293' title='bbox 462 3447 491 3518; x_wconf 78' lang='grc' dir='ltr'><strong><em>εἰ</em></strong></span> <span class='ocrx_word' id='word_1_294' title='bbox 504 3443 568 3541; x_wconf 87' lang='grc' dir='ltr'><strong><em>γάρ</em></strong></span> <span class='ocrx_word' id='word_1_295' title='bbox 582 3447 698 3544; x_wconf 81' lang='grc' dir='ltr'><strong><em>έθόθη,</em></strong></span> <span class='ocrx_word' id='word_1_296' title='bbox 713 3444 792 3519; x_wconf 87' lang='grc' dir='ltr'><strong><em>καθ’</em></strong></span> <span class='ocrx_word' id='word_1_297' title='bbox 809 3439 856 3519; x_wconf 84' lang='grc' dir='ltr'><strong><em>οὑ</em></strong></span> <span class='ocrx_word' id='word_1_298' title='bbox 865 3444 1048 3540; x_wconf 77' lang='grc' dir='ltr'><strong><em>ἄνθρωπον</em></strong></span> <span class='ocrx_word' id='word_1_299' title='bbox 1064 3443 1189 3542; x_wconf 72' lang='grc' dir='ltr'><strong><em>άληθές</em></strong></span> <span class='ocrx_word' id='word_1_300' title='bbox 1203 3449 1315 3537; x_wconf 81' lang='grc' dir='ltr'><strong><em>εἰπεῖν,</em></strong></span> <span class='ocrx_word' id='word_1_301' title='bbox 1327 3449 1357 3520; x_wconf 83' lang='grc' dir='ltr'><strong><em>εἰ</em></strong></span> 
     </span>
     <span class='ocr_line' id='line_1_32' title="bbox 260 3542 1357 3648; baseline 0.005 -32"><span class='ocrx_word' id='word_1_302' title='bbox 260 3545 318 3617; x_wconf 85' lang='grc' dir='ltr'><strong><em>καὶ</em></strong></span> <span class='ocrx_word' id='word_1_303' title='bbox 336 3542 383 3643; x_wconf 75' lang='grc' dir='ltr'><strong><em>μή</em></strong></span> <span class='ocrx_word' id='word_1_304' title='bbox 402 3543 586 3641; x_wconf 86' lang='grc' dir='ltr'><strong><em>άυθρωπον</em></strong></span> <span class='ocrx_word' id='word_1_305' title='bbox 598 3546 735 3646; x_wconf 82' lang='grc' dir='ltr'><strong><em>άληθές,</em></strong></span> <span class='ocrx_word' id='word_1_306' title='bbox 758 3544 830 3620; x_wconf 73' lang='grc' dir='ltr'><strong><em>ἄλλ’</em></strong></span> <span class='ocrx_word' id='word_1_307' title='bbox 844 3549 873 3620; x_wconf 79' lang='grc' dir='ltr'><strong><em>εἰ</em></strong></span> <span class='ocrx_word' id='word_1_308' title='bbox 885 3546 992 3641; x_wconf 88' lang='grc' dir='ltr'><strong><em>μόνον</em></strong></span> <span class='ocrx_word' id='word_1_309' title='bbox 1006 3543 1188 3641; x_wconf 79' lang='grc' dir='ltr'><strong><em>ἄνθρωπον</em></strong></span> <span class='ocrx_word' id='word_1_310' title='bbox 1203 3553 1291 3648; x_wconf 73' lang='grc' dir='ltr'><strong><em>ζῷον</em></strong></span> <span class='ocrx_word' id='word_1_311' title='bbox 1311 3544 1357 3622; x_wconf 79' lang='grc' dir='ltr'><strong><em>εἶ-</em></strong></span> 
     </span>
     <span class='ocr_line' id='line_1_33' title="bbox 329 3725 1357 3824; baseline 0.005 -36"><span class='ocrx_word' id='word_1_312' title='bbox 329 3737 363 3788; x_wconf 87' lang='grc'><strong><em>30</em></strong></span> <span class='ocrx_word' id='word_1_313' title='bbox 380 3732 412 3788; x_wconf 77' lang='grc' dir='ltr'><strong><em>δέ</em></strong></span> <span class='ocrx_word' id='word_1_314' title='bbox 429 3725 448 3806; x_wconf 83' lang='grc' dir='ltr'><strong><em>ἦ</em></strong></span> <span class='ocrx_word' id='word_1_315' title='bbox 467 3737 505 3788; x_wconf 89' lang='grc' dir='ltr'><strong><em>Μ.</em></strong></span> <span class='ocrx_word' id='word_1_316' title='bbox 523 3766 556 3777; x_wconf 89' lang='grc'><strong>-</strong></span> <span class='ocrx_word' id='word_1_317' title='bbox 579 3732 665 3809; x_wconf 74' lang='grc' dir='ltr'><strong><em>οὔσης</em></strong></span> <span class='ocrx_word' id='word_1_318' title='bbox 683 3740 709 3794; x_wconf 81' lang='grc' dir='ltr'><strong><em>ά.</em></strong></span> <span class='ocrx_word' id='word_1_319' title='bbox 726 3767 761 3776; x_wconf 90' lang='grc'>-</span> <span class='ocrx_word' id='word_1_320' title='bbox 785 3740 814 3790; x_wconf 85' lang='grc'><strong><em>31</em></strong></span> <span class='ocrx_word' id='word_1_321' title='bbox 836 3738 920 3791; x_wconf 73' lang='grc' dir='ltr'><strong><em>τοῦτο</em></strong></span> <span class='ocrx_word' id='word_1_322' title='bbox 939 3738 965 3790; x_wconf 78' lang='grc' dir='ltr'><strong><em>ά.</em></strong></span> <span class='ocrx_word' id='word_1_323' title='bbox 984 3764 1016 3775; x_wconf 92' lang='grc'>-</span> <span class='ocrx_word' id='word_1_324' title='bbox 1041 3738 1075 3791; x_wconf 77' lang='lat'><strong><em>32</em></strong></span> <span class='ocrx_word' id='word_1_325' title='bbox 1092 3735 1149 3792; x_wconf 79' lang='grc' dir='ltr'><strong><em>ἔστι</em></strong></span> <span class='ocrx_word' id='word_1_326' title='bbox 1172 3736 1227 3824; x_wconf 84' lang='grc' dir='ltr'><strong><em>γάρ</em></strong></span> <span class='ocrx_word' id='word_1_327' title='bbox 1250 3741 1357 3807; x_wconf 78' lang='grc' dir='ltr'><strong><em>αἴτημα</em></strong></span> 
     </span>
    </p>
   </div>
   <div class='ocr_carea' id='block_1_5' title="bbox 259 3799 1358 3991">
    <p class='ocr_par' dir='ltr' id='par_1_12' title="bbox 259 3799 1358 3991">
     <span class='ocr_line' id='line_1_34' title="bbox 259 3799 1358 3875; baseline 0.005 -21"><span class='ocrx_word' id='word_1_328' title='bbox 259 3821 289 3854; x_wconf 85' lang='lat' dir='ltr'><strong><em>rc</em></strong></span> <span class='ocrx_word' id='word_1_329' title='bbox 306 3815 335 3867; x_wconf 79' lang='grc' dir='ltr'><strong><em>ιι,</em></strong></span> <span class='ocrx_word' id='word_1_330' title='bbox 359 3799 505 3869; x_wconf 65' lang='grc' dir='ltr'><strong><em>αἴτημαιέ</em></strong></span> <span class='ocrx_word' id='word_1_331' title='bbox 525 3802 581 3859; x_wconf 71' lang='grc' dir='ltr'><strong><em>ἔστι</em></strong></span> <span class='ocrx_word' id='word_1_332' title='bbox 598 3825 625 3875; x_wconf 82' lang='lat' dir='ltr'><strong><em>p.</em></strong></span> <span class='ocrx_word' id='word_1_333' title='bbox 644 3836 679 3848; x_wconf 95' lang='lat'>-</span> <span class='ocrx_word' id='word_1_334' title='bbox 701 3809 735 3860; x_wconf 91' lang='grc'><strong><em>33</em></strong></span> <span class='ocrx_word' id='word_1_335' title='bbox 752 3800 932 3859; x_wconf 77' lang='grc' dir='ltr'><strong><em>άιιοέειιιτάτ</em></strong></span> <span class='ocrx_word' id='word_1_336' title='bbox 951 3822 1010 3856; x_wconf 86' lang='lat' dir='ltr'><strong>corr</strong></span> <span class='ocrx_word' id='word_1_337' title='bbox 1027 3823 1052 3856; x_wconf 93' lang='grc' dir='ltr'><strong><em>ιι.</em></strong></span> <span class='ocrx_word' id='word_1_338' title='bbox 1070 3835 1105 3848; x_wconf 91' lang='grc'>-</span> <span class='ocrx_word' id='word_1_339' title='bbox 1132 3808 1165 3859; x_wconf 80' lang='grc'><strong><em>35</em></strong></span> <span class='ocrx_word' id='word_1_340' title='bbox 1191 3806 1258 3860; x_wconf 71' lang='grc' dir='ltr'><strong><em>ουδὲ</em></strong></span> <span class='ocrx_word' id='word_1_341' title='bbox 1278 3809 1358 3873; x_wconf 69' lang='lat' dir='ltr'><strong><em>cm,</em></strong></span> 
     </span>
     <span class='ocr_line' id='line_1_35' title="bbox 259 3867 1356 3953; baseline 0.002 -28"><span class='ocrx_word' id='word_1_342' title='bbox 259 3867 350 3953; x_wconf 45' lang='grc' dir='ltr'><strong><em>οὐδέν.</em></strong></span> <span class='ocrx_word' id='word_1_343' title='bbox 362 3889 394 3939; x_wconf 82' lang='lat' dir='ltr'><strong><em>pr</em></strong></span> <span class='ocrx_word' id='word_1_344' title='bbox 414 3873 483 3941; x_wconf 80' lang='lat' dir='ltr'><strong><em>de.</em></strong></span> <span class='ocrx_word' id='word_1_345' title='bbox 502 3901 533 3912; x_wconf 88' lang='lat'>—</span> <span class='ocrx_word' id='word_1_346' title='bbox 552 3875 586 3928; x_wconf 79' lang='lat'><strong><em>39</em></strong></span> <span class='ocrx_word' id='word_1_347' title='bbox 604 3871 670 3929; x_wconf 68' lang='grc' dir='ltr'><strong><em>τάδε</em></strong></span> <span class='ocrx_word' id='word_1_348' title='bbox 688 3872 741 3946; x_wconf 79' lang='grc' dir='ltr'><strong><em>γάρ</em></strong></span> <span class='ocrx_word' id='word_1_349' title='bbox 759 3870 774 3929; x_wconf 85' lang='grc' dir='ltr'>ὁ</span> <span class='ocrx_word' id='word_1_350' title='bbox 791 3891 821 3942; x_wconf 79' lang='lat' dir='ltr'><strong><em>p·</em></strong></span> <span class='ocrx_word' id='word_1_351' title='bbox 839 3901 874 3913; x_wconf 92' lang='lat'>—</span> <span class='ocrx_word' id='word_1_352' title='bbox 892 3871 909 3928; x_wconf 80' lang='grc' dir='ltr'><strong><em>ά</em></strong></span> <span class='ocrx_word' id='word_1_353' title='bbox 928 3891 969 3924; x_wconf 81' lang='grc' dir='ltr'><strong><em>οτι</em></strong></span> <span class='ocrx_word' id='word_1_354' title='bbox 987 3891 1013 3925; x_wconf 85' lang='grc' dir='ltr'><strong><em>ιι.</em></strong></span> <span class='ocrx_word' id='word_1_355' title='bbox 1031 3900 1066 3913; x_wconf 89' lang='grc'><strong>-</strong></span> <span class='ocrx_word' id='word_1_356' title='bbox 1082 3875 1117 3926; x_wconf 80' lang='grc'><strong><em>40</em></strong></span> <span class='ocrx_word' id='word_1_357' title='bbox 1133 3872 1264 3941; x_wconf 74' lang='grc' dir='ltr'><strong><em>λέγοντας</em></strong></span> <span class='ocrx_word' id='word_1_358' title='bbox 1280 3894 1313 3944; x_wconf 81' lang='lat' dir='ltr'><strong><em>pr</em></strong></span> <span class='ocrx_word' id='word_1_359' title='bbox 1329 3894 1356 3927; x_wconf 89' lang='grc' dir='ltr'><strong><em>ιι.</em></strong></span> 
     </span>
     <span class='ocr_line' id='line_1_36' title="bbox 327 3957 446 3991; baseline 0 0"><span class='ocrx_word' id='word_1_360' title='bbox 327 3959 348 3991; x_wconf 89' lang='grc' dir='ltr'><strong><em>ω</em></strong></span> <span class='ocrx_word' id='word_1_361' title='bbox 385 3959 410 3990; x_wconf 78' lang='grc' dir='ltr'><strong><em>ιιι</em></strong></span> <span class='ocrx_word' id='word_1_362' title='bbox 427 3957 446 3991; x_wconf 85' lang='grc' dir='ltr'><strong><em>ιι</em></strong></span> 
     </span>
    </p>
   </div>
   <div class='ocr_carea' id='block_1_6' title="bbox 257 3957 1356 4350">
    <p class='ocr_par' dir='ltr' id='par_1_13' title="bbox 259 3957 453 3992">
     <span class='ocr_line' id='line_1_37' title="bbox 259 3957 453 3992; baseline -0.005 -1"><span class='ocrx_word' id='word_1_363' title='bbox 259 3969 292 3980; x_wconf 93' lang='grc'>-</span> <span class='ocrx_word' id='word_1_364' title='bbox 311 3959 326 3992; x_wconf 88' lang='grc' dir='ltr'><strong><em>τ</em></strong></span> <span class='ocrx_word' id='word_1_365' title='bbox 367 3957 383 3990; x_wconf 90' lang='lat' dir='ltr'><strong>o</strong></span> <span class='ocrx_word' id='word_1_366' title='bbox 447 3976 453 3990; x_wconf 95' lang='lat'>.</span> 
     </span>
    </p>

    <p class='ocr_par' dir='ltr' id='par_1_14' title="bbox 257 4004 1356 4350">
     <span class='ocr_line' id='line_1_38' title="bbox 327 4004 1356 4079; baseline 0.005 -20"><span class='ocrx_word' id='word_1_367' title='bbox 327 4006 390 4059; x_wconf 69' lang='grc' dir='ltr'><strong><em>πιΙ</em></strong></span> <span class='ocrx_word' id='word_1_368' title='bbox 413 4004 497 4061; x_wconf 73' lang='grc' dir='ltr'><strong><em>ου’δέι</em></strong></span> <span class='ocrx_word' id='word_1_369' title='bbox 514 4022 598 4075; x_wconf 79' lang='grc' dir='ltr'><strong><em>σαμιτ.</em></strong></span> <span class='ocrx_word' id='word_1_370' title='bbox 619 4027 648 4060; x_wconf 85' lang='lat' dir='ltr'><strong><em>rc</em></strong></span> <span class='ocrx_word' id='word_1_371' title='bbox 666 4027 783 4079; x_wconf 71' lang='lat' dir='ltr'><strong><em>snpra-vs</em></strong></span> <span class='ocrx_word' id='word_1_372' title='bbox 792 4026 819 4062; x_wconf 86' lang='grc' dir='ltr'><strong><em>ιι.</em></strong></span> <span class='ocrx_word' id='word_1_373' title='bbox 830 4037 866 4050; x_wconf 93' lang='grc'>-</span> <span class='ocrx_word' id='word_1_374' title='bbox 883 4011 901 4061; x_wconf 74' lang='grc'><strong>3</strong></span> <span class='ocrx_word' id='word_1_375' title='bbox 917 4005 1070 4075; x_wconf 76' lang='grc' dir='ltr'><strong><em>τελούμενα</em></strong></span> <span class='ocrx_word' id='word_1_376' title='bbox 1088 4009 1113 4061; x_wconf 78' lang='grc' dir='ltr'><strong><em>ά.</em></strong></span> <span class='ocrx_word' id='word_1_377' title='bbox 1124 4036 1160 4050; x_wconf 90' lang='lat'><em>-</em></span> <span class='ocrx_word' id='word_1_378' title='bbox 1177 4012 1193 4062; x_wconf 93' lang='grc'><strong>3</strong></span> <span class='ocrx_word' id='word_1_379' title='bbox 1207 4007 1247 4064; x_wconf 79' lang='grc' dir='ltr'><strong><em>ἔτι</em></strong></span> <span class='ocrx_word' id='word_1_380' title='bbox 1257 4029 1319 4062; x_wconf 83' lang='lat' dir='ltr'><strong>corr</strong></span> <span class='ocrx_word' id='word_1_381' title='bbox 1329 4027 1356 4064; x_wconf 89' lang='grc' dir='ltr'><strong><em>ιι.</em></strong></span> 
     </span>
     <span class='ocr_line' id='line_1_39' title="bbox 257 4073 1356 4146; baseline 0.004 -19"><span class='ocrx_word' id='word_1_382' title='bbox 257 4102 293 4116; x_wconf 93' lang='lat'><strong><em>-·</em></strong></span> <span class='ocrx_word' id='word_1_383' title='bbox 310 4076 327 4127; x_wconf 76' lang='lat'>7</span> <span class='ocrx_word' id='word_1_384' title='bbox 344 4073 398 4144; x_wconf 86' lang='grc' dir='ltr'><strong><em>γάρ</em></strong></span> <span class='ocrx_word' id='word_1_385' title='bbox 416 4073 490 4129; x_wconf 84' lang='grc' dir='ltr'><strong><em>έατιιι</em></strong></span> <span class='ocrx_word' id='word_1_386' title='bbox 507 4092 533 4128; x_wconf 74' lang='grc' dir='ltr'><strong><em>ιι</em></strong></span> <span class='ocrx_word' id='word_1_387' title='bbox 544 4102 575 4113; x_wconf 84' lang='grc'>-</span> <span class='ocrx_word' id='word_1_388' title='bbox 594 4077 610 4128; x_wconf 85' lang='grc'>9</span> <span class='ocrx_word' id='word_1_389' title='bbox 628 4074 659 4131; x_wconf 74' lang='grc' dir='ltr'><strong><em>έν</em></strong></span> <span class='ocrx_word' id='word_1_390' title='bbox 676 4098 705 4131; x_wconf 83' lang='grc' dir='ltr'><strong><em>τι</em></strong></span> <span class='ocrx_word' id='word_1_391' title='bbox 720 4096 764 4146; x_wconf 81' lang='grc' dir='ltr'><strong><em>κγ.</em></strong></span> <span class='ocrx_word' id='word_1_392' title='bbox 784 4106 819 4117; x_wconf 92' lang='lat'><strong><em>·-</em></strong></span> <span class='ocrx_word' id='word_1_393' title='bbox 837 4079 870 4130; x_wconf 78' lang='lat'><strong><em>12</em></strong></span> <span class='ocrx_word' id='word_1_394' title='bbox 883 4080 937 4142; x_wconf 87' lang='grc' dir='ltr'><strong><em>λαμ</em></strong></span> <span class='ocrx_word' id='word_1_395' title='bbox 956 4075 1209 4145; x_wconf 55' lang='lat' dir='ltr'><strong><em>dumam-10⁸</em></strong></span> <span class='ocrx_word' id='word_1_396' title='bbox 1228 4097 1260 4145; x_wconf 83' lang='lat' dir='ltr'><strong><em>pr</em></strong></span> <span class='ocrx_word' id='word_1_397' title='bbox 1278 4097 1320 4131; x_wconf 89' lang='lat' dir='ltr'><strong><em>om</em></strong></span> <span class='ocrx_word' id='word_1_398' title='bbox 1330 4096 1356 4131; x_wconf 91' lang='grc' dir='ltr'><strong><em>ιι.</em></strong></span> 
     </span>
     <span class='ocr_line' id='line_1_40' title="bbox 259 4139 1356 4215; baseline 0.001 -19"><span class='ocrx_word' id='word_1_399' title='bbox 259 4140 443 4205; x_wconf 61' lang='lat'><strong><em>-140306’</em></strong></span> <span class='ocrx_word' id='word_1_400' title='bbox 463 4139 556 4204; x_wconf 71' lang='grc' dir='ltr'><strong><em>αὕτως</em></strong></span> <span class='ocrx_word' id='word_1_401' title='bbox 574 4147 623 4210; x_wconf 78' lang='lat' dir='ltr'><strong><em>Au,</em></strong></span> <span class='ocrx_word' id='word_1_402' title='bbox 641 4164 673 4214; x_wconf 84' lang='lat' dir='ltr'><strong><em>pr</em></strong></span> <span class='ocrx_word' id='word_1_403' title='bbox 691 4148 724 4210; x_wconf 85' lang='lat' dir='ltr'><strong><em>B,</em></strong></span> <span class='ocrx_word' id='word_1_404' title='bbox 749 4142 885 4206; x_wconf 74' lang='grc' dir='ltr'><strong><em>άσαάιωε</em></strong></span> <span class='ocrx_word' id='word_1_405' title='bbox 903 4146 926 4198; x_wconf 83' lang='grc'><strong><em>0</em></strong></span> <span class='ocrx_word' id='word_1_406' title='bbox 952 4148 1029 4211; x_wconf 88' lang='lat' dir='ltr'><strong><em>s.-</em></strong></span> <span class='ocrx_word' id='word_1_407' title='bbox 1050 4145 1082 4197; x_wconf 87' lang='grc'><strong><em>16</em></strong></span> <span class='ocrx_word' id='word_1_408' title='bbox 1099 4156 1163 4214; x_wconf 78' lang='grc' dir='ltr'><strong><em>μοιι</em></strong></span> <span class='ocrx_word' id='word_1_409' title='bbox 1182 4143 1288 4215; x_wconf 77' lang='grc' dir='ltr'><strong><em>άληθές</em></strong></span> <span class='ocrx_word' id='word_1_410' title='bbox 1304 4147 1356 4198; x_wconf 74' lang='lat' dir='ltr'><strong><em>add</em></strong></span> 
     </span>
     <span class='ocr_line' id='line_1_41' title="bbox 258 4208 1355 4284; baseline 0.003 -20"><span class='ocrx_word' id='word_1_411' title='bbox 258 4210 348 4264; x_wconf 81' lang='grc' dir='ltr'><strong><em>εέπεῖιι</em></strong></span> <span class='ocrx_word' id='word_1_412' title='bbox 370 4213 389 4265; x_wconf 77' lang='grc' dir='ltr'><strong><em>ά</em></strong></span> <span class='ocrx_word' id='word_1_413' title='bbox 406 4213 480 4280; x_wconf 87' lang='lat' dir='ltr'>quod</span> <span class='ocrx_word' id='word_1_414' title='bbox 498 4213 543 4264; x_wconf 80' lang='lat' dir='ltr'><strong><em>del</em></strong></span> <span class='ocrx_word' id='word_1_415' title='bbox 553 4214 619 4265; x_wconf 81' lang='lat' dir='ltr'><strong>vult.</strong></span> <span class='ocrx_word' id='word_1_416' title='bbox 636 4243 672 4257; x_wconf 91' lang='lat'><em>-</em></span> <span class='ocrx_word' id='word_1_417' title='bbox 689 4215 728 4282; x_wconf 81' lang='grc' dir='ltr'><strong><em>εἰ]</em></strong></span> <span class='ocrx_word' id='word_1_418' title='bbox 745 4209 764 4284; x_wconf 78' lang='grc' dir='ltr'><em>ἢ</em></span> <span class='ocrx_word' id='word_1_419' title='bbox 780 4233 808 4280; x_wconf 87' lang='grc' dir='ltr'><strong><em>ιι,</em></strong></span> <span class='ocrx_word' id='word_1_420' title='bbox 825 4215 905 4282; x_wconf 86' lang='lat' dir='ltr'>prB,</span> <span class='ocrx_word' id='word_1_421' title='bbox 922 4208 959 4267; x_wconf 73' lang='grc' dir='ltr'><strong><em>ἂν</em></strong></span> <span class='ocrx_word' id='word_1_422' title='bbox 977 4231 1038 4267; x_wconf 78' lang='lat' dir='ltr'><strong>con·</strong></span> <span class='ocrx_word' id='word_1_423' title='bbox 1050 4230 1077 4267; x_wconf 84' lang='grc' dir='ltr'><strong><em>π.</em></strong></span> <span class='ocrx_word' id='word_1_424' title='bbox 1089 4240 1122 4253; x_wconf 96' lang='grc'>-</span> <span class='ocrx_word' id='word_1_425' title='bbox 1141 4210 1224 4280; x_wconf 81' lang='grc' dir='ltr'><strong><em>εἶναι,</em></strong></span> <span class='ocrx_word' id='word_1_426' title='bbox 1240 4215 1300 4269; x_wconf 70' lang='grc' dir='ltr'><strong><em>πάι</em></strong></span> <span class='ocrx_word' id='word_1_427' title='bbox 1315 4211 1355 4284; x_wconf 77' lang='grc' dir='ltr'><strong><em>μιν)</em></strong></span> 
     </span>
     <span class='ocr_line' id='line_1_42' title="bbox 257 4279 548 4350; baseline 0 -18"><span class='ocrx_word' id='word_1_428' title='bbox 257 4279 427 4350; x_wconf 54' lang='lat' dir='ltr'><strong><em>Achiam,</em></strong></span> <span class='ocrx_word' id='word_1_429' title='bbox 445 4298 506 4332; x_wconf 87' lang='lat' dir='ltr'><strong>corr</strong></span> <span class='ocrx_word' id='word_1_430' title='bbox 521 4298 548 4334; x_wconf 88' lang='grc' dir='ltr'><strong><em>ιι.</em></strong></span> 
     </span>
    </p>
   </div>
   <div class='ocr_carea' id='block_1_7' title="bbox 0 0 1512 4844">
    <p class='ocr_par' dir='ltr' id='par_1_15' title="bbox 0 0 1512 4844">
     <span class='ocr_line' id='line_1_43' title="bbox 0 0 1512 4844; baseline 0 0"><span class='ocrx_word' id='word_1_431' title='bbox 0 0 1512 4844; x_wconf 95' lang='lat' dir='ltr'><strong><em> </em></strong></span> 
     </span>
    </p>
   </div>
  </div>
 </body>
</html>
