3014 4844
176 333 213 393 Vl
608 335 876 402 rosers'rlo.

177 489 584 585 proptereaquodvirum
599 492 703 563 valdo
718 493 888 565 eruditum
901 494 937 564 in
951 494 1220 589 congregatione
1229 493 1316 590 pbi-

177 592 377 684 lologorum·
396 593 581 687 aliquando
601 594 637 662 in
658 596 760 665 aliam
774 597 978 666 sententiam
1001 596 1233 688 disputantem
1247 597 1317 690 ipsl

178 693 367 764 audivimus
399 690 451 788 (v.
470 695 761 791 Verhandluugen
784 699 847 767 der
867 697 1025 767 sechaten
1051 699 1317 794 Versammlung

178 794 510 879 deutscherPhiloll.
521 797 787 868 undSchulmm.
803 797 1228 892 cas2011844.p.782q.‚
1257 801 1317 869 ubi

177 894 325 967 Brandis
339 899 605 990 reprehenditur
617 902 711 991 quod
727 902 762 969 iu
775 902 985 971 collectione
995 901 1203 987 scholiorum
1214 925 1317 992 quam

178 998 326 1067 ediderit
350 1001 477 1069 variam
498 1002 681 1070 lectionem
705 1026 775 1071 uon
800 1003 1016 1072 adnotaverit
1034 1027 1135 1094 quam
1156 1005 1319 1093 lemmate

178 1099 380 1170 exhibeant:
408 1101 579 1199 depactio
602 1104 692 1173 enim
716 1104 811 1199 quod
832 1105 927 1173 libris
944 1128 1022 1174 mss.
1040 1105 1257 1173 statuendum
1274 1104 1318 1172 sit

178 1202 324 1274 maxime
348 1202 566 1274 iudicandum
593 1227 668 1274 esse
690 1228 733 1275 ex
757 1206 799 1274 iis
825 1200 913 1295 quae
939 1219 982 1274 ab
1007 1206 1093 1298 ipsis
1119 1204 1316 1297 interpreti-

176 1302 242 1371 bus
265 1303 398 1396 graecis
428 1327 494 1396 pro
524 1306 612 1374 veris
638 1307 831 1375 Aristotelis
864 1308 977 1376 verbis
1008 1307 1127 1375 habita
1158 1308 1194 1374 in
1219 1327 1316 1374 corn-

178 1404 352 1474 meutariis
377 1403 551 1495 adscripta
577 1401 674 1494 sint).
728 1406 863 1474 Deinde
898 1408 994 1497 quod
1018 1408 1153 1500 saepius
1180 1406 1317 1475 silentio

177 1505 395 1598 praeteriisse
419 1504 584 1593 videmur,
609 1528 692 1575 num
718 1506 802 1598 quid
827 1507 947 1599 colligi
973 1508 1154 1599 possitde
1169 1509 1316 1576 lectione

177 1628 281 1696 quam
311 1607 514 1698 interpretes
538 1608 655 1700 graeci
685 1607 867 1678 habuerint
902 1629 944 1676 ex
975 1608 1017 1676 iis
1050 1626 1140 1697 quae
1169 1609 1238 1699 ipsi
1271 1605 1317 1676 de

177 1706 322 1801 singulis
353 1706 439 1776 locis
464 1707 660 1800 disputent,
696 1708 884 1780 dicendum
910 1717 963 1778 est
993 1709 1029 1776 iu
1054 1708 1238 1777 afferendis
1263 1709 1323 1793 in·¹

177 1807 384 1901 terpretibns
407 1810 541 1903 graecis
565 1829 628 1878 nos
654 1809 702 1877 ita
730 1832 868 1901 semper
892 1818 1044 1883 versutos
1067 1833 1159 1895 esse,
1181 1818 1220 1877 ut
1239 1808 1318 1877 ubi.-

179 1932 313 2001 usuque
339 1932 398 1979 eos
422 1932 493 1979 non
517 1911 813 1995 nominaverimus,
840 1911 927 1979 nihil
953 1911 989 1978 in
1012 1911 1053 1978 iis
1079 1911 1320 2002 repetierimus

177 2010 270 2088 unde
293 2012 523 2081 coniecturam
555 2034 679 2104 capere
702 2011 823 2080 liceret
856 2012 901 2079 de
934 2011 1083 2080 lectione
1112 2033 1216 2100 quam
1250 2009 1319 2105 ipsi

178 2122 259 2189 ante
282 2113 401 2182 oculos
426 2112 618 2182 habuerint.
670 2113 826 2203 Denique
859 2111 955 2204 quod
980 2113 1125 2181 diximus
1150 2112 1188 2180 in
1212 2133 1318 2204 pne-

176 2213 308 2289 botone
332 2215 440 2309 partis
465 2216 587 2307 prioris
612 2209 787 2307 (p.1x):
814 2215 970 2298 „scholia
994 2213 1170 2283 inedita
1195 2213 1318 2303 quibus

177 2315 240 2385 ille
254 2311 442 2408 (Brandis)
459 2339 538 2386 usus
552 2325 605 2386 est
619 2317 777 2410 relegere
793 2310 993 2399 noluimua’',
1011 2315 1048 2383 id
1064 2314 1183 2406 plures
1200 2335 1318 2382 eorum

177 2418 238 2507 qni
269 2417 313 2486 de
347 2417 415 2484 hoc
450 2418 539 2487 libro
571 2418 736 2486 iudicium
763 2418 919 2486 feceruut
944 2417 1034 2484 male
1059 2414 1319 2484 intellexerunt:

180 2539 329 2608 namque
354 2516 424 2586 boc
449 2518 496 2586 ita
513 2528 605 2588 certe
624 2519 736 2611 accipi
752 2519 935 2601 noluimus,
960 2540 1001 2584 ac
1016 2517 1045 2585 si
1062 2516 1194 2584 scholia
1209 2537 1321 2607 neque

179 2618 297 2691 edita
328 2641 438 2708 neque
473 2619 653 2688 inedita
677 2621 818 2712 integra
852 2619 1097 2712 relegerimus,
1130 2618 1201 2685 imo
1227 2617 1321 2686 edita

179 2720 293 2788 omnia
307 2720 603 2810 pertractavimus,
628 2730 835 2811 quamquam
852 2742 923 2788 non
947 2720 1011 2787 nisi
1031 2741 1135 2788 uuum
1156 2728 1214 2786 aut
1232 2717 1319 2786 duos

181 2820 277 2891 locos
310 2820 347 2888 in
378 2820 419 2893 iis
444 2821 634 2892 invenimus
664 2821 764 2890 nude
788 2819 919 2910 aliquid
945 2820 1025 2890 elici
1048 2819 1201 2910 potuerit
1224 2817 1321 2908 quod

179 2922 320 2990 alicuius
346 2923 510 2994 momenti
536 2931 625 2990 esset
656 2921 702 2992 ad
727 2921 947 2992 Aristotelem
980 2921 1050 2989 sive
1076 2918 1320 3011 explicandum

180 3022 252 3090 sive
284 3021 554 3090 emendandumz
586 3043 656 3111 qua
684 3020 731 3090 de
764 3043 801 3091 re
833 3021 937 3091 facile
970 3021 1035 3089 sibi
1064 3020 1322 3112 persuadebunt

181 3123 241 3214 qui
255 3131 290 3191 et
303 3123 563 3195 commentarios
576 3131 709 3191 nostros
724 3123 932 3215 perlustrare
948 3129 983 3189 et
998 3122 1203 3213 interpretes
1215 3143 1320 3214 grae,-

181 3245 240 3292 eos
266 3224 418 3313 integros
444 3224 599 3317 relegere
623 3225 740 3292 velint
792 3223 891 3306 Quae
922 3245 1028 3311 quum
1052 3222 1102 3289 ita
1127 3222 1210 3303 sint,
1245 3221 1319 3290 exi-

181 3324 271 3393 miae
288 3324 486 3415 diligentiae
501 3325 651 3407 laudem,
675 3348 779 3414 quam
798 3322 1062 3405 inpscholiorum
1082 3322 1321 3390 collectionem

181 3447 205 3493 a
223 3424 411 3494 Bsaudisio
435 3425 562 3493 factam
588 3426 804 3510 contulimus,
830 3446 900 3493 non
926 3424 1038 3492 solum
1062 3444 1132 3490 non
1152 3422 1322 3491 imminui·

182 3547 276 3610 mus,
313 3525 376 3593 sed
405 3525 477 3592 alta
509 3548 595 3595 voce
620 3526 816 3617 repetimus.
868 3522 934 3592 Cui
959 3523 1099 3614 quidem
1124 3521 1322 3592 collectioni

183 3647 264 3694 num
286 3625 380 3694 idem
404 3626 554 3718 pretium
575 3628 792 3696 statuendum
807 3626 851 3694 sit
873 3626 911 3692 in
935 3626 976 3693 iis
996 3646 1083 3715 quae
1100 3645 1170 3692 non
1189 3623 1236 3691 ad
1252 3621 1334 3694 0r-‘

184 3748 328 3818 ganum,
355 3727 418 3795 sed
442 3727 490 3794 ad
514 3728 582 3796 alia
607 3728 802 3796 Aristotelis
828 3726 953 3816 scripta
980 3727 1169 3818 pertinent,
1196 3724 1323 3792 diiudi-

185 3835 264 3899 cens
288 3828 362 3895 alii:
403 3850 465 3897 nos
491 3839 584 3897 certe
610 3828 655 3896 de
680 3851 722 3896 ea
745 3827 951 3896 collectione
977 3826 1053 3894 sole
1077 3825 1183 3895 locuti
1208 3848 1321 3894 sumus

185 3949 254 4015 qua
269 3929 396 4018 scripta
410 3929 526 4022 logica
541 3929 735 4003 Aristotelis
752 3930 977 4022 explicantur.
1003 3926 1112 4011 Quod,
1121 3948 1204 3996 vero
1219 3927 1323 4015 scho-

186 4026 234 4094 lia
262 4027 389 4099 inedita
421 4030 543 4118 quibus
568 4031 716 4102 Brendis
754 4053 834 4101 usus
866 4037 918 4098 est
954 4049 1024 4096 non
1058 4030 1324 4114 retractavimus,

186 4125 224 4196 id
240 4129 409 4200 ,vellemus
435 4152 506 4206 non
528 4131 760 4225 negligentiae
791 4140 927 4203 nostrae
951 4129 1013 4201 sed
1040 4137 1235 4222 temporum
1259 4151 1324 4197 an·

186 4228 306 4319 garetiis
336 4230 499 4302 cnutum
525 4243 632 4319 esset,
665 4233 891 4324 quodquam
921 4231 1070 4308 anobis
1095 4224 1236 4300 accita
1263 4251 1324 4314 ex·

185 4349 344 4417 pressum
365 4337 454 4400 uset
481 4332 517 4405 in
542 4335 757 4426 praelabens
780 4335 907 4430 priori,
931 4341 971 4412 ut
995 4341 1146 4404 nostram
1171 4333 1241 4427 ipsi
1265 4330 1325 4402 di.-
